<?xml version="1.0" encoding="UTF-8"?>
<!DOCTYPE html PUBLIC "-//W3C//DTD XHTML 1.0 Transitional//EN"
    "http://www.w3.org/TR/xhtml1/DTD/xhtml1-transitional.dtd">
<html xmlns="http://www.w3.org/1999/xhtml" xml:lang="en" lang="en">
 <head>
  <title>
</title>
<meta http-equiv="Content-Type" content="text/html;charset=utf-8" />
  <meta name='ocr-system' content='tesseract 3.04.00' />
  <meta name='ocr-capabilities' content='ocr_page ocr_carea ocr_par ocr_line ocrx_word'/>
</head>
<body>
  <div class='ocr_page' id='page_1' title='image "./ulrichihuttenie04huttgoog_0616.png"; bbox 0 0 3294 5408; ppageno 0'>
   <div class='ocr_carea' id='block_1_1' title="bbox 183 402 1475 474">
    <p class='ocr_par' dir='ltr' id='par_1_1' title="bbox 183 402 1475 474">
     <span class='ocr_line' id='line_1_1' title="bbox 183 402 1475 474; baseline 0.002 -10"><span class='ocrx_word' id='word_1_1' title='bbox 183 411 361 465; x_wconf 80' lang='lat' dir='ltr'><strong>ADDENDA</strong></span> <span class='ocrx_word' id='word_1_2' title='bbox 372 413 422 466; x_wconf 80' lang='lat' dir='ltr'>AD</span> <span class='ocrx_word' id='word_1_3' title='bbox 436 413 518 465; x_wconf 84' lang='lat' dir='ltr'>VOL.</span> <span class='ocrx_word' id='word_1_4' title='bbox 532 415 584 465; x_wconf 89' lang='lat'>111.</span> <span class='ocrx_word' id='word_1_5' title='bbox 604 428 811 466; x_wconf 76' lang='lat' dir='ltr'>merrcaurraur</span> <span class='ocrx_word' id='word_1_6' title='bbox 825 430 859 465; x_wconf 77' lang='lat' dir='ltr'>aa</span> <span class='ocrx_word' id='word_1_7' title='bbox 873 430 1046 466; x_wconf 82' lang='lat' dir='ltr'>rasonoarcr</span> <span class='ocrx_word' id='word_1_8' title='bbox 1060 429 1223 468; x_wconf 78' lang='lat' dir='ltr'>euasurum</span> <span class='ocrx_word' id='word_1_9' title='bbox 1238 429 1370 468; x_wconf 77' lang='lat' dir='ltr'>casurus.</span> <span class='ocrx_word' id='word_1_10' title='bbox 1401 402 1475 474; x_wconf 82' lang='lat'>565</span> 
     </span>
    </p>
   </div>
   <div class='ocr_carea' id='block_1_2' title="bbox 342 589 1227 2946">
    <p class='ocr_par' dir='ltr' id='par_1_2' title="bbox 342 589 1227 2946">
     <span class='ocr_line' id='line_1_2' title="bbox 384 589 1064 662; baseline 0.001 -18"><span class='ocrx_word' id='word_1_11' title='bbox 384 589 486 644; x_wconf 88' lang='lat' dir='ltr'>Lusaca</span> <span class='ocrx_word' id='word_1_12' title='bbox 510 589 642 662; x_wconf 79' lang='lat' dir='ltr'>frigentes</span> <span class='ocrx_word' id='word_1_13' title='bbox 665 589 747 661; x_wconf 84' lang='lat' dir='ltr'>gelidi</span> <span class='ocrx_word' id='word_1_14' title='bbox 770 589 956 644; x_wconf 87' lang='lat' dir='ltr'>Permessidos</span> <span class='ocrx_word' id='word_1_15' title='bbox 979 590 1064 646; x_wconf 88' lang='lat' dir='ltr'>undas</span> 
     </span>
     <span class='ocr_line' id='line_1_3' title="bbox 347 672 1097 748; baseline -0.003 -16"><span class='ocrx_word' id='word_1_16' title='bbox 347 691 372 732; x_wconf 82' lang='lat' dir='ltr'>aa</span> <span class='ocrx_word' id='word_1_17' title='bbox 450 673 525 729; x_wconf 88' lang='lat' dir='ltr'>llusa</span> <span class='ocrx_word' id='word_1_18' title='bbox 548 673 632 746; x_wconf 81' lang='lat' dir='ltr'>sugit,</span> <span class='ocrx_word' id='word_1_19' title='bbox 656 674 751 730; x_wconf 85' lang='lat' dir='ltr'>Bacchi</span> <span class='ocrx_word' id='word_1_20' title='bbox 773 672 851 729; x_wconf 85' lang='lat' dir='ltr'>collis</span> <span class='ocrx_word' id='word_1_21' title='bbox 874 682 901 729; x_wconf 89' lang='lat' dir='ltr'>et</span> <span class='ocrx_word' id='word_1_22' title='bbox 924 692 973 730; x_wconf 89' lang='lat' dir='ltr'>uva</span> <span class='ocrx_word' id='word_1_23' title='bbox 995 676 1097 748; x_wconf 90' lang='lat' dir='ltr'>placet:</span> 
     </span>
     <span class='ocr_line' id='line_1_4' title="bbox 386 757 1102 831; baseline 0.001 -17"><span class='ocrx_word' id='word_1_24' title='bbox 386 759 439 814; x_wconf 82' lang='lat' dir='ltr'>Neo</span> <span class='ocrx_word' id='word_1_25' title='bbox 462 759 559 813; x_wconf 90' lang='lat' dir='ltr'>mirum</span> <span class='ocrx_word' id='word_1_26' title='bbox 582 776 643 814; x_wconf 92' lang='lat' dir='ltr'>cum</span> <span class='ocrx_word' id='word_1_27' title='bbox 665 759 701 813; x_wconf 91' lang='lat' dir='ltr'>sit</span> <span class='ocrx_word' id='word_1_28' title='bbox 724 757 831 831; x_wconf 82' lang='lat' dir='ltr'>glaciali</span> <span class='ocrx_word' id='word_1_29' title='bbox 855 767 916 814; x_wconf 88' lang='lat' dir='ltr'>nata</span> <span class='ocrx_word' id='word_1_30' title='bbox 939 759 989 814; x_wconf 84' lang='lat' dir='ltr'>sub</span> <span class='ocrx_word' id='word_1_31' title='bbox 1012 768 1102 821; x_wconf 86' lang='lat' dir='ltr'>arcto.</span> 
     </span>
     <span class='ocr_line' id='line_1_5' title="bbox 450 842 1118 917; baseline 0.003 -19"><span class='ocrx_word' id='word_1_32' title='bbox 450 842 506 911; x_wconf 84' lang='lat' dir='ltr'>Qua</span> <span class='ocrx_word' id='word_1_33' title='bbox 530 843 602 916; x_wconf 82' lang='lat' dir='ltr'>riget</span> <span class='ocrx_word' id='word_1_34' title='bbox 624 850 651 897; x_wconf 92' lang='lat' dir='ltr'>et</span> <span class='ocrx_word' id='word_1_35' title='bbox 675 842 756 898; x_wconf 87' lang='lat' dir='ltr'>tellus</span> <span class='ocrx_word' id='word_1_36' title='bbox 779 851 806 898; x_wconf 89' lang='lat' dir='ltr'>et</span> <span class='ocrx_word' id='word_1_37' title='bbox 828 862 912 917; x_wconf 91' lang='lat' dir='ltr'>pecus</span> <span class='ocrx_word' id='word_1_38' title='bbox 936 861 1014 899; x_wconf 91' lang='lat' dir='ltr'>omne</span> <span class='ocrx_word' id='word_1_39' title='bbox 1037 844 1118 917; x_wconf 83' lang='lat' dir='ltr'>gelu,</span> 
     </span>
     <span class='ocr_line' id='line_1_6' title="bbox 385 928 1082 1002; baseline 0 -17"><span class='ocrx_word' id='word_1_40' title='bbox 385 929 443 985; x_wconf 85' lang='lat' dir='ltr'>lton</span> <span class='ocrx_word' id='word_1_41' title='bbox 466 931 537 983; x_wconf 90' lang='lat' dir='ltr'>canit</span> <span class='ocrx_word' id='word_1_42' title='bbox 559 936 642 1002; x_wconf 79' lang='lat' dir='ltr'>epoto</span> <span class='ocrx_word' id='word_1_43' title='bbox 666 928 832 1000; x_wconf 78' lang='lat' dir='ltr'>gelidissima</span> <span class='ocrx_word' id='word_1_44' title='bbox 856 929 931 983; x_wconf 81' lang='lat' dir='ltr'>sonte</span> <span class='ocrx_word' id='word_1_45' title='bbox 955 928 1082 990; x_wconf 81' lang='lat' dir='ltr'>Camena,</span> 
     </span>
     <span class='ocr_line' id='line_1_7' title="bbox 345 1012 1070 1087; baseline 0 -18"><span class='ocrx_word' id='word_1_46' title='bbox 345 1029 371 1069; x_wconf 82' lang='lat' dir='ltr'>ao</span> <span class='ocrx_word' id='word_1_47' title='bbox 449 1012 528 1068; x_wconf 83' lang='lat' dir='ltr'>Ebria</span> <span class='ocrx_word' id='word_1_48' title='bbox 551 1012 715 1068; x_wconf 80' lang='lat' dir='ltr'>carminibus</span> <span class='ocrx_word' id='word_1_49' title='bbox 738 1014 886 1087; x_wconf 76' lang='lat' dir='ltr'><strong>perstrepit</strong></span> <span class='ocrx_word' id='word_1_50' title='bbox 909 1013 954 1069; x_wconf 91' lang='lat' dir='ltr'>illa</span> <span class='ocrx_word' id='word_1_51' title='bbox 977 1015 1070 1077; x_wconf 67' lang='lat' dir='ltr'>norim</span> 
     </span>
     <span class='ocr_line' id='line_1_8' title="bbox 385 1097 1061 1172; baseline 0.001 -19"><span class='ocrx_word' id='word_1_52' title='bbox 385 1098 523 1170; x_wconf 73' lang='lat' dir='ltr'>Ingenium</span> <span class='ocrx_word' id='word_1_53' title='bbox 547 1097 652 1171; x_wconf 88' lang='lat' dir='ltr'>placido</span> <span class='ocrx_word' id='word_1_54' title='bbox 676 1098 793 1154; x_wconf 87' lang='lat' dir='ltr'>Bacchus</span> <span class='ocrx_word' id='word_1_55' title='bbox 816 1098 862 1153; x_wconf 90' lang='lat' dir='ltr'>dat</span> <span class='ocrx_word' id='word_1_56' title='bbox 884 1099 949 1154; x_wconf 88' lang='lat' dir='ltr'>mite</span> <span class='ocrx_word' id='word_1_57' title='bbox 973 1107 1061 1172; x_wconf 78' lang='lat' dir='ltr'>poclm</span> 
     </span>
     <span class='ocr_line' id='line_1_9' title="bbox 448 1182 1061 1256; baseline 0.002 -19"><span class='ocrx_word' id='word_1_58' title='bbox 448 1182 480 1237; x_wconf 85' lang='lat' dir='ltr'>Et</span> <span class='ocrx_word' id='word_1_59' title='bbox 504 1183 605 1237; x_wconf 82' lang='lat' dir='ltr'>iaciunt</span> <span class='ocrx_word' id='word_1_60' title='bbox 627 1183 722 1253; x_wconf 80' lang='lat' dir='ltr'>longas</span> <span class='ocrx_word' id='word_1_61' title='bbox 745 1182 842 1256; x_wconf 87' lang='lat' dir='ltr'>pocula</span> <span class='ocrx_word' id='word_1_62' title='bbox 865 1182 948 1238; x_wconf 91' lang='lat' dir='ltr'>multa</span> <span class='ocrx_word' id='word_1_63' title='bbox 971 1192 1061 1239; x_wconf 89' lang='lat' dir='ltr'>notas.</span> 
     </span>
     <span class='ocr_line' id='line_1_10' title="bbox 385 1265 1046 1339; baseline -0.002 -16"><span class='ocrx_word' id='word_1_64' title='bbox 385 1269 457 1323; x_wconf 90' lang='lat' dir='ltr'>luter</span> <span class='ocrx_word' id='word_1_65' title='bbox 478 1267 637 1322; x_wconf 84' lang='lat' dir='ltr'>omnandiuu</span> <span class='ocrx_word' id='word_1_66' title='bbox 659 1265 789 1339; x_wconf 79' lang='lat' dir='ltr'>praeclara</span> <span class='ocrx_word' id='word_1_67' title='bbox 813 1268 948 1322; x_wconf 82' lang='lat' dir='ltr'>volumina</span> <span class='ocrx_word' id='word_1_68' title='bbox 972 1268 1046 1322; x_wconf 91' lang='lat' dir='ltr'>molli</span> 
     </span>
     <span class='ocr_line' id='line_1_11' title="bbox 346 1351 1052 1423; baseline 0 -17"><span class='ocrx_word' id='word_1_69' title='bbox 346 1368 371 1406; x_wconf 81' lang='lat' dir='ltr'>ao</span> <span class='ocrx_word' id='word_1_70' title='bbox 448 1352 519 1407; x_wconf 78' lang='lat' dir='ltr'>Voce</span> <span class='ocrx_word' id='word_1_71' title='bbox 542 1351 631 1423; x_wconf 83' lang='lat' dir='ltr'>legas,</span> <span class='ocrx_word' id='word_1_72' title='bbox 655 1351 731 1405; x_wconf 82' lang='lat' dir='ltr'>Gellii</span> <span class='ocrx_word' id='word_1_73' title='bbox 757 1353 810 1406; x_wconf 85' lang='lat' dir='ltr'>sint</span> <span class='ocrx_word' id='word_1_74' title='bbox 834 1368 862 1406; x_wconf 87' lang='lat' dir='ltr'>ea</span> <span class='ocrx_word' id='word_1_75' title='bbox 886 1352 925 1406; x_wconf 88' lang='lat' dir='ltr'>vel</span> <span class='ocrx_word' id='word_1_76' title='bbox 950 1351 1052 1407; x_wconf 77' lang='lat' dir='ltr'>Valeri:</span> 
     </span>
     <span class='ocr_line' id='line_1_12' title="bbox 383 1436 1069 1510; baseline 0 -20"><span class='ocrx_word' id='word_1_77' title='bbox 383 1437 459 1491; x_wconf 89' lang='lat' dir='ltr'>lllter</span> <span class='ocrx_word' id='word_1_78' title='bbox 482 1436 553 1491; x_wconf 87' lang='lat' dir='ltr'>enim</span> <span class='ocrx_word' id='word_1_79' title='bbox 575 1436 646 1491; x_wconf 86' lang='lat' dir='ltr'>varia</span> <span class='ocrx_word' id='word_1_80' title='bbox 669 1452 758 1490; x_wconf 90' lang='lat' dir='ltr'>rorum</span> <span class='ocrx_word' id='word_1_81' title='bbox 781 1436 922 1491; x_wconf 79' lang='lat' dir='ltr'><strong>dulcedine</strong></span> <span class='ocrx_word' id='word_1_82' title='bbox 944 1437 1069 1510; x_wconf 80' lang='lat' dir='ltr'>prodeat.</span> 
     </span>
     <span class='ocr_line' id='line_1_13' title="bbox 447 1521 1061 1581; baseline 0.01 -6"><span class='ocrx_word' id='word_1_83' title='bbox 447 1522 523 1576; x_wconf 77' lang='lat' dir='ltr'>Alter</span> <span class='ocrx_word' id='word_1_84' title='bbox 545 1528 572 1575; x_wconf 88' lang='lat' dir='ltr'>et</span> <span class='ocrx_word' id='word_1_85' title='bbox 595 1521 698 1575; x_wconf 76' lang='lat' dir='ltr'>urltauo</span> <span class='ocrx_word' id='word_1_86' title='bbox 721 1521 839 1576; x_wconf 80' lang='lat' dir='ltr'>carmine</span> <span class='ocrx_word' id='word_1_87' title='bbox 862 1521 947 1576; x_wconf 91' lang='lat' dir='ltr'>multa</span> <span class='ocrx_word' id='word_1_88' title='bbox 969 1521 1061 1581; x_wconf 85' lang='lat' dir='ltr'>docet.</span> 
     </span>
     <span class='ocr_line' id='line_1_14' title="bbox 383 1606 1227 1679; baseline 0.004 -19"><span class='ocrx_word' id='word_1_89' title='bbox 383 1607 436 1662; x_wconf 84' lang='lat' dir='ltr'>Seu</span> <span class='ocrx_word' id='word_1_90' title='bbox 460 1624 514 1679; x_wconf 92' lang='lat' dir='ltr'>quo</span> <span class='ocrx_word' id='word_1_91' title='bbox 539 1614 626 1679; x_wconf 88' lang='lat' dir='ltr'>raptat</span> <span class='ocrx_word' id='word_1_92' title='bbox 650 1623 740 1660; x_wconf 89' lang='lat' dir='ltr'>amor:</span> <span class='ocrx_word' id='word_1_93' title='bbox 764 1623 854 1678; x_wconf 87' lang='lat' dir='ltr'>neque</span> <span class='ocrx_word' id='word_1_94' title='bbox 877 1607 947 1661; x_wconf 91' lang='lat' dir='ltr'>enim</span> <span class='ocrx_word' id='word_1_95' title='bbox 971 1606 1011 1662; x_wconf 83' lang='lat' dir='ltr'>sic</span> <span class='ocrx_word' id='word_1_96' title='bbox 1034 1607 1115 1662; x_wconf 87' lang='lat' dir='ltr'>lectio</span> <span class='ocrx_word' id='word_1_97' title='bbox 1139 1608 1227 1671; x_wconf 71' lang='lat' dir='ltr'>laedit,</span> 
     </span>
     <span class='ocr_line' id='line_1_15' title="bbox 344 1690 1045 1764; baseline 0 -17"><span class='ocrx_word' id='word_1_98' title='bbox 344 1709 369 1747; x_wconf 80' lang='lat' dir='ltr'>aa</span> <span class='ocrx_word' id='word_1_99' title='bbox 444 1691 477 1746; x_wconf 93' lang='lat' dir='ltr'>Ut</span> <span class='ocrx_word' id='word_1_100' title='bbox 499 1690 576 1745; x_wconf 86' lang='lat' dir='ltr'>cibus</span> <span class='ocrx_word' id='word_1_101' title='bbox 600 1692 699 1745; x_wconf 88' lang='lat' dir='ltr'>inlesto</span> <span class='ocrx_word' id='word_1_102' title='bbox 723 1693 744 1745; x_wconf 90' lang='lat' dir='ltr'>si</span> <span class='ocrx_word' id='word_1_103' title='bbox 768 1692 874 1764; x_wconf 80' lang='lat' dir='ltr'>capitur</span> <span class='ocrx_word' id='word_1_104' title='bbox 897 1693 1045 1747; x_wconf 76' lang='lat' dir='ltr'>stomacho.</span> 
     </span>
     <span class='ocr_line' id='line_1_16' title="bbox 382 1775 1042 1848; baseline 0.002 -18"><span class='ocrx_word' id='word_1_105' title='bbox 382 1778 431 1831; x_wconf 77' lang='lat' dir='ltr'>Ast</span> <span class='ocrx_word' id='word_1_106' title='bbox 454 1776 499 1830; x_wconf 90' lang='lat' dir='ltr'>ubi</span> <span class='ocrx_word' id='word_1_107' title='bbox 523 1775 637 1830; x_wconf 82' lang='lat' dir='ltr'>tinnitus</span> <span class='ocrx_word' id='word_1_108' title='bbox 659 1793 794 1848; x_wconf 73' lang='lat' dir='ltr'>campanar</span> <span class='ocrx_word' id='word_1_109' title='bbox 817 1776 926 1831; x_wconf 91' lang='lat' dir='ltr'>nunciat</span> <span class='ocrx_word' id='word_1_110' title='bbox 947 1776 1042 1831; x_wconf 87' lang='lat' dir='ltr'>horam</span> 
     </span>
     <span class='ocr_line' id='line_1_17' title="bbox 444 1860 1138 1934; baseline 0.001 -19"><span class='ocrx_word' id='word_1_111' title='bbox 444 1861 561 1921; x_wconf 82' lang='lat' dir='ltr'>Nonam,</span> <span class='ocrx_word' id='word_1_112' title='bbox 586 1878 646 1933; x_wconf 70' lang='lat' dir='ltr'>quaa</span> <span class='ocrx_word' id='word_1_113' title='bbox 671 1861 791 1933; x_wconf 87' lang='lat' dir='ltr'>requiem</span> <span class='ocrx_word' id='word_1_114' title='bbox 815 1861 904 1934; x_wconf 88' lang='lat' dir='ltr'>poscit</span> <span class='ocrx_word' id='word_1_115' title='bbox 928 1860 1027 1915; x_wconf 85' lang='lat' dir='ltr'>hahere</span> <span class='ocrx_word' id='word_1_116' title='bbox 1049 1879 1138 1924; x_wconf 84' lang='lat' dir='ltr'>suam,</span> 
     </span>
     <span class='ocr_line' id='line_1_18' title="bbox 383 1945 1143 2018; baseline 0.001 -17"><span class='ocrx_word' id='word_1_117' title='bbox 383 1947 492 2007; x_wconf 88' lang='lat' dir='ltr'>Storne,</span> <span class='ocrx_word' id='word_1_118' title='bbox 517 1962 600 2018; x_wconf 80' lang='lat' dir='ltr'>prior,</span> <span class='ocrx_word' id='word_1_119' title='bbox 624 1953 731 1999; x_wconf 92' lang='lat' dir='ltr'>tcuucm</span> <span class='ocrx_word' id='word_1_120' title='bbox 755 1946 865 2000; x_wconf 84' lang='lat' dir='ltr'>conciso</span> <span class='ocrx_word' id='word_1_121' title='bbox 890 1946 1020 2001; x_wconf 87' lang='lat' dir='ltr'>stramine</span> <span class='ocrx_word' id='word_1_122' title='bbox 1043 1945 1143 2002; x_wconf 84' lang='lat' dir='ltr'>lectum</span> 
     </span>
     <span class='ocr_line' id='line_1_19' title="bbox 342 2029 1101 2101; baseline -0.004 -14"><span class='ocrx_word' id='word_1_123' title='bbox 342 2047 368 2087; x_wconf 75' lang='lat' dir='ltr'>te</span> <span class='ocrx_word' id='word_1_124' title='bbox 446 2032 477 2085; x_wconf 86' lang='lat' dir='ltr'>Et</span> <span class='ocrx_word' id='word_1_125' title='bbox 501 2038 575 2101; x_wconf 77' lang='lat' dir='ltr'>tegat</span> <span class='ocrx_word' id='word_1_126' title='bbox 597 2037 743 2101; x_wconf 83' lang='lat' dir='ltr'>angustum</span> <span class='ocrx_word' id='word_1_127' title='bbox 767 2030 831 2085; x_wconf 90' lang='lat' dir='ltr'>trita</span> <span class='ocrx_word' id='word_1_128' title='bbox 853 2029 959 2086; x_wconf 86' lang='lat' dir='ltr'>lacerna</span> <span class='ocrx_word' id='word_1_129' title='bbox 984 2030 1101 2086; x_wconf 87' lang='lat' dir='ltr'>thorum.</span> 
     </span>
     <span class='ocr_line' id='line_1_20' title="bbox 382 2114 1104 2189; baseline 0.001 -20"><span class='ocrx_word' id='word_1_130' title='bbox 382 2116 490 2171; x_wconf 74' lang='lat' dir='ltr'>Scilicet</span> <span class='ocrx_word' id='word_1_131' title='bbox 514 2114 565 2170; x_wconf 81' lang='lat' dir='ltr'>lioc</span> <span class='ocrx_word' id='word_1_132' title='bbox 587 2124 691 2169; x_wconf 92' lang='lat' dir='ltr'>certum</span> <span class='ocrx_word' id='word_1_133' title='bbox 715 2115 841 2169; x_wconf 91' lang='lat' dir='ltr'>distincta</span> <span class='ocrx_word' id='word_1_134' title='bbox 864 2116 973 2187; x_wconf 78' lang='lat' dir='ltr'>negotia</span> <span class='ocrx_word' id='word_1_135' title='bbox 998 2124 1104 2189; x_wconf 88' lang='lat' dir='ltr'>tompus</span> 
     </span>
     <span class='ocr_line' id='line_1_21' title="bbox 445 2199 1002 2272; baseline 0 -18"><span class='ocrx_word' id='word_1_136' title='bbox 445 2200 609 2272; x_wconf 73' lang='lat' dir='ltr'>Exquirunt,</span> <span class='ocrx_word' id='word_1_137' title='bbox 633 2199 698 2254; x_wconf 95' lang='lat' dir='ltr'>ludo</span> <span class='ocrx_word' id='word_1_138' title='bbox 721 2208 810 2255; x_wconf 87' lang='lat' dir='ltr'>cetera</span> <span class='ocrx_word' id='word_1_139' title='bbox 832 2200 914 2272; x_wconf 88' lang='lat' dir='ltr'>perdo</span> <span class='ocrx_word' id='word_1_140' title='bbox 939 2208 1002 2260; x_wconf 91' lang='lat' dir='ltr'>tuo,</span> 
     </span>
     <span class='ocr_line' id='line_1_22' title="bbox 382 2283 1094 2357; baseline -0.001 -17"><span class='ocrx_word' id='word_1_141' title='bbox 382 2285 479 2340; x_wconf 83' lang='lat' dir='ltr'>Charta</span> <span class='ocrx_word' id='word_1_142' title='bbox 504 2284 551 2338; x_wconf 85' lang='lat' dir='ltr'>tibi</span> <span class='ocrx_word' id='word_1_143' title='bbox 576 2283 670 2342; x_wconf 77' lang='lat' dir='ltr'>ludus,</span> <span class='ocrx_word' id='word_1_144' title='bbox 695 2301 775 2356; x_wconf 93' lang='lat' dir='ltr'>quam</span> <span class='ocrx_word' id='word_1_145' title='bbox 800 2284 882 2355; x_wconf 77' lang='lat' dir='ltr'>tingit</span> <span class='ocrx_word' id='word_1_146' title='bbox 905 2284 978 2357; x_wconf 78' lang='lat' dir='ltr'>sepia</span> <span class='ocrx_word' id='word_1_147' title='bbox 1003 2285 1094 2357; x_wconf 79' lang='lat' dir='ltr'>nigra,</span> 
     </span>
     <span class='ocr_line' id='line_1_23' title="bbox 342 2367 1094 2442; baseline -0.005 -16"><span class='ocrx_word' id='word_1_148' title='bbox 342 2387 368 2426; x_wconf 83' lang='lat' dir='ltr'>aa</span> <span class='ocrx_word' id='word_1_149' title='bbox 447 2370 505 2424; x_wconf 87' lang='lat' dir='ltr'>Nou</span> <span class='ocrx_word' id='word_1_150' title='bbox 529 2386 589 2441; x_wconf 71' lang='lat' dir='ltr'>quae</span> <span class='ocrx_word' id='word_1_151' title='bbox 614 2368 784 2442; x_wconf 78' lang='lat' dir='ltr'>quadruplici</span> <span class='ocrx_word' id='word_1_152' title='bbox 807 2368 878 2440; x_wconf 82' lang='lat' dir='ltr'>picta</span> <span class='ocrx_word' id='word_1_153' title='bbox 900 2367 994 2424; x_wconf 90' lang='lat' dir='ltr'>coloro</span> <span class='ocrx_word' id='word_1_154' title='bbox 1017 2370 1094 2424; x_wconf 87' lang='lat' dir='ltr'>nitet.</span> 
     </span>
     <span class='ocr_line' id='line_1_24' title="bbox 381 2452 988 2526; baseline -0.003 -16"><span class='ocrx_word' id='word_1_155' title='bbox 381 2456 477 2510; x_wconf 90' lang='lat' dir='ltr'>Ultima</span> <span class='ocrx_word' id='word_1_156' title='bbox 501 2453 617 2509; x_wconf 91' lang='lat' dir='ltr'>iucundo</span> <span class='ocrx_word' id='word_1_157' title='bbox 641 2452 680 2508; x_wconf 89' lang='lat' dir='ltr'>sic</span> <span class='ocrx_word' id='word_1_158' title='bbox 703 2462 794 2526; x_wconf 82' lang='lat' dir='ltr'>specta</span> <span class='ocrx_word' id='word_1_159' title='bbox 818 2452 871 2508; x_wconf 88' lang='lat' dir='ltr'>lata</span> <span class='ocrx_word' id='word_1_160' title='bbox 895 2453 988 2509; x_wconf 85' lang='lat' dir='ltr'>labore</span> 
     </span>
     <span class='ocr_line' id='line_1_25' title="bbox 446 2537 1058 2611; baseline -0.002 -17"><span class='ocrx_word' id='word_1_161' title='bbox 446 2540 477 2594; x_wconf 81' lang='lat' dir='ltr'>m</span> <span class='ocrx_word' id='word_1_162' title='bbox 500 2540 603 2611; x_wconf 81' lang='lat' dir='ltr'>pariter</span> <span class='ocrx_word' id='word_1_163' title='bbox 626 2537 734 2600; x_wconf 87' lang='lat' dir='ltr'>stmlio;</span> <span class='ocrx_word' id='word_1_164' title='bbox 758 2539 868 2610; x_wconf 76' lang='lat' dir='ltr'>prmmia</span> <span class='ocrx_word' id='word_1_165' title='bbox 891 2538 973 2610; x_wconf 83' lang='lat' dir='ltr'>digua</span> <span class='ocrx_word' id='word_1_166' title='bbox 996 2547 1058 2599; x_wconf 86' lang='lat' dir='ltr'>tuo.</span> 
     </span>
     <span class='ocr_line' id='line_1_26' title="bbox 380 2622 1050 2695; baseline -0.003 -16"><span class='ocrx_word' id='word_1_167' title='bbox 380 2625 491 2679; x_wconf 71' lang='lat' dir='ltr'>Praemia</span> <span class='ocrx_word' id='word_1_168' title='bbox 515 2623 627 2678; x_wconf 77' lang='lat' dir='ltr'>busacio</span> <span class='ocrx_word' id='word_1_169' title='bbox 651 2623 741 2695; x_wconf 80' lang='lat' dir='ltr'>capies</span> <span class='ocrx_word' id='word_1_170' title='bbox 764 2639 818 2676; x_wconf 89' lang='lat' dir='ltr'>uon</span> <span class='ocrx_word' id='word_1_171' title='bbox 842 2622 952 2677; x_wconf 83' lang='lat' dir='ltr'>maxima</span> <span class='ocrx_word' id='word_1_172' title='bbox 976 2630 1050 2684; x_wconf 81' lang='lat' dir='ltr'>vate,</span> 
     </span>
     <span class='ocr_line' id='line_1_27' title="bbox 342 2706 1065 2778; baseline -0.001 -16"><span class='ocrx_word' id='word_1_173' title='bbox 342 2724 368 2762; x_wconf 78' lang='lat' dir='ltr'>aa</span> <span class='ocrx_word' id='word_1_174' title='bbox 447 2708 494 2762; x_wconf 74' lang='lat' dir='ltr'>Cui</span> <span class='ocrx_word' id='word_1_175' title='bbox 519 2724 562 2762; x_wconf 87' lang='lat' dir='ltr'>res</span> <span class='ocrx_word' id='word_1_176' title='bbox 586 2706 695 2778; x_wconf 77' lang='lat' dir='ltr'>ingenio</span> <span class='ocrx_word' id='word_1_177' title='bbox 719 2713 829 2778; x_wconf 86' lang='lat' dir='ltr'>statque</span> <span class='ocrx_word' id='word_1_178' title='bbox 852 2706 977 2778; x_wconf 89' lang='lat' dir='ltr'>caditque</span> <span class='ocrx_word' id='word_1_179' title='bbox 1000 2724 1065 2769; x_wconf 87' lang='lat' dir='ltr'>suo;</span> 
     </span>
     <span class='ocr_line' id='line_1_28' title="bbox 380 2789 1024 2863; baseline -0.003 -18"><span class='ocrx_word' id='word_1_180' title='bbox 380 2794 458 2847; x_wconf 77' lang='lat' dir='ltr'>Certa</span> <span class='ocrx_word' id='word_1_181' title='bbox 482 2791 614 2845; x_wconf 76' lang='lat' dir='ltr'>salutiferi</span> <span class='ocrx_word' id='word_1_182' title='bbox 639 2790 775 2863; x_wconf 73' lang='lat' dir='ltr'>persolvet</span> <span class='ocrx_word' id='word_1_183' title='bbox 798 2789 888 2861; x_wconf 78' lang='lat' dir='ltr'>gracia</span> <span class='ocrx_word' id='word_1_184' title='bbox 910 2790 1024 2849; x_wconf 81' lang='lat' dir='ltr'>Christi,</span> 
     </span>
     <span class='ocr_line' id='line_1_29' title="bbox 445 2873 1074 2946; baseline -0.002 -17"><span class='ocrx_word' id='word_1_185' title='bbox 445 2876 543 2930; x_wconf 82' lang='lat' dir='ltr'>lucida</span> <span class='ocrx_word' id='word_1_186' title='bbox 566 2891 626 2930; x_wconf 91' lang='lat' dir='ltr'>cum</span> <span class='ocrx_word' id='word_1_187' title='bbox 650 2890 736 2946; x_wconf 81' lang='lat' dir='ltr'>purus</span> <span class='ocrx_word' id='word_1_188' title='bbox 759 2873 872 2946; x_wconf 80' lang='lat' dir='ltr'>spiritus</span> <span class='ocrx_word' id='word_1_189' title='bbox 895 2881 968 2929; x_wconf 88' lang='lat' dir='ltr'>astra</span> <span class='ocrx_word' id='word_1_190' title='bbox 991 2881 1074 2946; x_wconf 81' lang='lat' dir='ltr'>petet.</span> 
     </span>
    </p>
   </div>
   <div class='ocr_carea' id='block_1_3' title="bbox 176 3070 1472 3565">
    <p class='ocr_par' dir='ltr' id='par_1_3' title="bbox 176 3070 1472 3565">
     <span class='ocr_line' id='line_1_30' title="bbox 179 3070 1472 3140; baseline 0 -13"><span class='ocrx_word' id='word_1_191' title='bbox 179 3078 307 3127; x_wconf 69' lang='lat' dir='ltr'>cinctoria</span> <span class='ocrx_word' id='word_1_192' title='bbox 324 3077 460 3140; x_wconf 76' lang='lat' dir='ltr'>officinalis</span> <span class='ocrx_word' id='word_1_193' title='bbox 478 3071 740 3136; x_wconf 82' lang='lat' dir='ltr'>Linn.uppellatur.</span> <span class='ocrx_word' id='word_1_194' title='bbox 773 3070 881 3121; x_wconf 84' lang='lat' dir='ltr'>Gallice</span> <span class='ocrx_word' id='word_1_195' title='bbox 899 3071 1034 3136; x_wconf 88' lang='lat' dir='ltr'>hodieque</span> <span class='ocrx_word' id='word_1_196' title='bbox 1054 3076 1201 3139; x_wconf 72' lang='lat' dir='ltr'>quinquies.</span> <span class='ocrx_word' id='word_1_197' title='bbox 1271 3073 1291 3106; x_wconf 82' lang='lat'>³¹</span> <span class='ocrx_word' id='word_1_198' title='bbox 1311 3076 1472 3127; x_wconf 79' lang='lat' dir='ltr'>Permessus</span> 
     </span>
     <span class='ocr_line' id='line_1_31' title="bbox 176 3156 1470 3226; baseline -0.001 -14"><span class='ocrx_word' id='word_1_199' title='bbox 176 3163 294 3212; x_wconf 79' lang='lat' dir='ltr'>Boeotiae</span> <span class='ocrx_word' id='word_1_200' title='bbox 318 3178 351 3212; x_wconf 87' lang='lat' dir='ltr'>ex</span> <span class='ocrx_word' id='word_1_201' title='bbox 369 3160 506 3210; x_wconf 86' lang='lat' dir='ltr'>Helicone</span> <span class='ocrx_word' id='word_1_202' title='bbox 525 3159 639 3208; x_wconf 87' lang='lat' dir='ltr'>venicus</span> <span class='ocrx_word' id='word_1_203' title='bbox 658 3157 769 3214; x_wconf 89' lang='lat' dir='ltr'>fluvius,</span> <span class='ocrx_word' id='word_1_204' title='bbox 795 3156 917 3222; x_wconf 83' lang='lat' dir='ltr'>Apollini</span> <span class='ocrx_word' id='word_1_205' title='bbox 935 3157 1075 3222; x_wconf 86' lang='lat' dir='ltr'>Musisque</span> <span class='ocrx_word' id='word_1_206' title='bbox 1093 3174 1183 3209; x_wconf 81' lang='lat' dir='ltr'>sacer.</span> <span class='ocrx_word' id='word_1_207' title='bbox 1219 3159 1328 3226; x_wconf 79' lang='lat' dir='ltr'>Rhogio</span> <span class='ocrx_word' id='word_1_208' title='bbox 1346 3162 1470 3211; x_wconf 87' lang='lat' dir='ltr'>Permes-</span> 
     </span>
     <span class='ocr_line' id='line_1_32' title="bbox 177 3240 1470 3311; baseline -0.001 -14"><span class='ocrx_word' id='word_1_209' title='bbox 177 3248 215 3296; x_wconf 86' lang='lat' dir='ltr'>sis</span> <span class='ocrx_word' id='word_1_210' title='bbox 234 3247 444 3311; x_wconf 66' lang='lat' dir='ltr'>monogenem</span> <span class='ocrx_word' id='word_1_211' title='bbox 463 3244 589 3307; x_wconf 81' lang='lat' dir='ltr'>idemque</span> <span class='ocrx_word' id='word_1_212' title='bbox 608 3258 642 3291; x_wconf 82' lang='lat' dir='ltr'>uc</span> <span class='ocrx_word' id='word_1_213' title='bbox 661 3243 821 3291; x_wconf 75' lang='lat' dir='ltr'>Permessus</span> <span class='ocrx_word' id='word_1_214' title='bbox 840 3245 894 3291; x_wconf 84' lang='lat' dir='ltr'>est:</span> <span class='ocrx_word' id='word_1_215' title='bbox 915 3240 1024 3305; x_wconf 73' lang='lat' dir='ltr'>legerat</span> <span class='ocrx_word' id='word_1_216' title='bbox 1043 3244 1220 3308; x_wconf 80' lang='lat' dir='ltr'>ap.Murtiel.</span> <span class='ocrx_word' id='word_1_217' title='bbox 1236 3246 1257 3294; x_wconf 93' lang='lat' dir='ltr'>l.</span> <span class='ocrx_word' id='word_1_218' title='bbox 1272 3245 1304 3293; x_wconf 79' lang='lat'>77</span> <span class='ocrx_word' id='word_1_219' title='bbox 1318 3244 1383 3309; x_wconf 77' lang='lat' dir='ltr'>(to).</span> <span class='ocrx_word' id='word_1_220' title='bbox 1397 3262 1422 3296; x_wconf 88' lang='lat' dir='ltr'>v.</span> <span class='ocrx_word' id='word_1_221' title='bbox 1439 3256 1470 3296; x_wconf 92' lang='lat' dir='ltr'>tt.</span> 
     </span>
     <span class='ocr_line' id='line_1_33' title="bbox 177 3326 1470 3395; baseline 0.002 -14"><span class='ocrx_word' id='word_1_222' title='bbox 177 3331 386 3395; x_wconf 80' lang='lat' dir='ltr'>„Permessidos</span> <span class='ocrx_word' id='word_1_223' title='bbox 410 3329 508 3382; x_wconf 68' lang='lat' dir='ltr'>undu&#39;.</span> <span class='ocrx_word' id='word_1_224' title='bbox 533 3327 580 3375; x_wconf 88' lang='lat' dir='ltr'>ubi</span> <span class='ocrx_word' id='word_1_225' title='bbox 599 3326 792 3389; x_wconf 74' lang='lat' dir='ltr'>„Permesside</span> <span class='ocrx_word' id='word_1_226' title='bbox 817 3327 906 3376; x_wconf 82' lang='lat' dir='ltr'>nude”</span> <span class='ocrx_word' id='word_1_227' title='bbox 930 3327 1124 3386; x_wconf 82' lang='lat' dir='ltr'>„Permesside</span> <span class='ocrx_word' id='word_1_228' title='bbox 1148 3329 1276 3394; x_wconf 78' lang='lat' dir='ltr'>lymphn’&#39;</span> <span class='ocrx_word' id='word_1_229' title='bbox 1302 3333 1470 3383; x_wconf 80' lang='lat' dir='ltr'>recentiores</span> 
     </span>
     <span class='ocr_line' id='line_1_34' title="bbox 178 3409 1471 3479; baseline -0.003 -13"><span class='ocrx_word' id='word_1_230' title='bbox 178 3416 317 3466; x_wconf 80' lang='lat' dir='ltr'>exhibent.</span> <span class='ocrx_word' id='word_1_231' title='bbox 388 3414 533 3476; x_wconf 69' lang='lat' dir='ltr'>⁸testitum</span> <span class='ocrx_word' id='word_1_232' title='bbox 552 3415 576 3462; x_wconf 80' lang='grc'>1.</span> <span class='ocrx_word' id='word_1_233' title='bbox 632 3411 653 3441; x_wconf 79' lang='lat'>⁴³</span> <span class='ocrx_word' id='word_1_234' title='bbox 673 3412 731 3462; x_wconf 73' lang='lat' dir='ltr'>teuit</span> <span class='ocrx_word' id='word_1_235' title='bbox 751 3414 774 3459; x_wconf 87' lang='lat'>1.</span> <span class='ocrx_word' id='word_1_236' title='bbox 839 3409 860 3442; x_wconf 78' lang='grc'>“</span> <span class='ocrx_word' id='word_1_237' title='bbox 878 3410 991 3472; x_wconf 72' lang='lat' dir='ltr'>tentatur</span> <span class='ocrx_word' id='word_1_238' title='bbox 1009 3414 1034 3460; x_wconf 80' lang='lat'>1.</span> <span class='ocrx_word' id='word_1_239' title='bbox 1085 3411 1240 3476; x_wconf 63' lang='lat' dir='ltr'>”mmmm</span> <span class='ocrx_word' id='word_1_240' title='bbox 1259 3417 1281 3463; x_wconf 87' lang='lat'>1.</span> <span class='ocrx_word' id='word_1_241' title='bbox 1341 3414 1362 3446; x_wconf 80' lang='lat'>⁴⁶</span> <span class='ocrx_word' id='word_1_242' title='bbox 1381 3430 1428 3479; x_wconf 75' lang='lat' dir='ltr'>que</span> <span class='ocrx_word' id='word_1_243' title='bbox 1446 3419 1471 3466; x_wconf 87' lang='lat'>1.</span> 
     </span>
     <span class='ocr_line' id='line_1_35' title="bbox 177 3494 1470 3565; baseline 0.001 -13"><span class='ocrx_word' id='word_1_244' title='bbox 177 3499 198 3533; x_wconf 74' lang='lat'>⁵¹</span> <span class='ocrx_word' id='word_1_245' title='bbox 217 3502 288 3563; x_wconf 73' lang='lat' dir='ltr'>teum</span> <span class='ocrx_word' id='word_1_246' title='bbox 307 3504 330 3552; x_wconf 85' lang='lat' dir='ltr'>t.</span> <span class='ocrx_word' id='word_1_247' title='bbox 351 3500 482 3550; x_wconf 78' lang='lat' dir='ltr'>ctl’ere.</span> <span class='ocrx_word' id='word_1_248' title='bbox 502 3497 635 3558; x_wconf 80' lang='lat' dir='ltr'>sat.3‚1a.</span> <span class='ocrx_word' id='word_1_249' title='bbox 688 3494 774 3559; x_wconf 71' lang='lat' dir='ltr'>⁵²que</span> <span class='ocrx_word' id='word_1_250' title='bbox 793 3498 817 3543; x_wconf 79' lang='lat'>1.</span> <span class='ocrx_word' id='word_1_251' title='bbox 838 3494 1011 3558; x_wconf 59' lang='lat' dir='ltr'>&amp;atellanor-</span> <span class='ocrx_word' id='word_1_252' title='bbox 1064 3495 1194 3560; x_wconf 69' lang='lat' dir='ltr'>⁵⁴eatinis</span> <span class='ocrx_word' id='word_1_253' title='bbox 1213 3503 1236 3552; x_wconf 84' lang='lat'>1.</span> <span class='ocrx_word' id='word_1_254' title='bbox 1290 3498 1470 3565; x_wconf 61' lang='lat' dir='ltr'>⁵1’matrinea</span> 
     </span>
    </p>
   </div>
   <div class='ocr_carea' id='block_1_4' title="bbox 668 3651 972 3666">
    <p class='ocr_par' dir='ltr' id='par_1_4' title="bbox 668 3651 972 3666">
     <span class='ocr_line' id='line_1_36' title="bbox 668 3651 972 3666; baseline 0 0"><span class='ocrx_word' id='word_1_255' title='bbox 668 3651 972 3666; x_wconf 68' lang='lat'>——</span> 
     </span>
    </p>
   </div>
   <div class='ocr_carea' id='block_1_5' title="bbox 86 3737 451 3802">
    <p class='ocr_par' dir='ltr' id='par_1_5' title="bbox 86 3737 451 3802">
     <span class='ocr_line' id='line_1_37' title="bbox 86 3737 451 3802; baseline -0.003 -15"><span class='ocrx_word' id='word_1_256' title='bbox 86 3755 90 3763; x_wconf 95' lang='lat'>·</span> <span class='ocrx_word' id='word_1_257' title='bbox 178 3738 223 3787; x_wconf 70' lang='lat' dir='ltr'>Aa!</span> <span class='ocrx_word' id='word_1_258' title='bbox 239 3738 303 3802; x_wconf 63' lang='lat' dir='ltr'>Boo.</span> <span class='ocrx_word' id='word_1_259' title='bbox 317 3737 357 3788; x_wconf 82' lang='lat'>77.</span> <span class='ocrx_word' id='word_1_260' title='bbox 370 3739 451 3787; x_wconf 83' lang='lat' dir='ltr'>adde:</span> 
     </span>
    </p>
   </div>
   <div class='ocr_carea' id='block_1_6' title="bbox 175 3821 1471 4224">
    <p class='ocr_par' dir='ltr' id='par_1_6' title="bbox 175 3821 1471 4224">
     <span class='ocr_line' id='line_1_38' title="bbox 246 3821 1470 3882; baseline 0.001 -12"><span class='ocrx_word' id='word_1_261' title='bbox 246 3824 319 3882; x_wconf 76' lang='lat' dir='ltr'>(litori</span> <span class='ocrx_word' id='word_1_262' title='bbox 335 3823 456 3872; x_wconf 83' lang='lat' dir='ltr'>adnotavi</span> <span class='ocrx_word' id='word_1_263' title='bbox 473 3824 509 3871; x_wconf 85' lang='lat' dir='ltr'>ud</span> <span class='ocrx_word' id='word_1_264' title='bbox 526 3823 601 3871; x_wconf 85' lang='lat' dir='ltr'>Hutt.</span> <span class='ocrx_word' id='word_1_265' title='bbox 617 3822 716 3880; x_wconf 71' lang='lat' dir='ltr'>(lueret.</span> <span class='ocrx_word' id='word_1_266' title='bbox 732 3826 761 3870; x_wconf 88' lang='lat'>11.</span> <span class='ocrx_word' id='word_1_267' title='bbox 777 3823 927 3870; x_wconf 63' lang='lat' dir='ltr'>isto-205.</span> <span class='ocrx_word' id='word_1_268' title='bbox 952 3821 1133 3871; x_wconf 72' lang='lat' dir='ltr'>Theodericum</span> <span class='ocrx_word' id='word_1_269' title='bbox 1152 3821 1331 3872; x_wconf 64' lang='lat' dir='ltr'>&amp;osmundum</span> <span class='ocrx_word' id='word_1_270' title='bbox 1349 3825 1470 3873; x_wconf 81' lang='lat' dir='ltr'>iuniorem</span> 
     </span>
     <span class='ocr_line' id='line_1_39' title="bbox 177 3907 1471 3970; baseline 0.002 -14"><span class='ocrx_word' id='word_1_271' title='bbox 177 3909 290 3957; x_wconf 81' lang='lat' dir='ltr'>Hntteao</span> <span class='ocrx_word' id='word_1_272' title='bbox 310 3923 359 3956; x_wconf 84' lang='lat' dir='ltr'>non</span> <span class='ocrx_word' id='word_1_273' title='bbox 377 3909 427 3955; x_wconf 82' lang='lat' dir='ltr'>niet</span> <span class='ocrx_word' id='word_1_274' title='bbox 444 3923 479 3957; x_wconf 76' lang='lat' dir='ltr'>eae</span> <span class='ocrx_word' id='word_1_275' title='bbox 503 3908 578 3956; x_wconf 69' lang='lat' dir='ltr'>editio</span> <span class='ocrx_word' id='word_1_276' title='bbox 599 3907 718 3968; x_wconf 74' lang='lat' dir='ltr'>scriptis.</span> <span class='ocrx_word' id='word_1_277' title='bbox 743 3921 792 3955; x_wconf 85' lang='lat' dir='ltr'>non</span> <span class='ocrx_word' id='word_1_278' title='bbox 816 3921 851 3956; x_wconf 72' lang='lat' dir='ltr'>ex</span> <span class='ocrx_word' id='word_1_279' title='bbox 873 3907 1054 3955; x_wconf 79' lang='lat' dir='ltr'>consuetudine</span> <span class='ocrx_word' id='word_1_280' title='bbox 1076 3908 1201 3970; x_wconf 69' lang='lat' dir='ltr'>aequitum</span> <span class='ocrx_word' id='word_1_281' title='bbox 1220 3908 1302 3969; x_wconf 76' lang='lat' dir='ltr'>siricae</span> <span class='ocrx_word' id='word_1_282' title='bbox 1324 3909 1418 3969; x_wconf 83' lang='lat' dir='ltr'>uideri,</span> <span class='ocrx_word' id='word_1_283' title='bbox 1442 3910 1471 3958; x_wconf 85' lang='lat' dir='ltr'>id</span> 
     </span>
     <span class='ocr_line' id='line_1_40' title="bbox 176 3990 1469 4056; baseline 0.002 -17"><span class='ocrx_word' id='word_1_284' title='bbox 176 3999 202 4040; x_wconf 86' lang='lat' dir='ltr'>ut</span> <span class='ocrx_word' id='word_1_285' title='bbox 223 3993 315 4054; x_wconf 74' lang='lat' dir='ltr'>fotium</span> <span class='ocrx_word' id='word_1_286' title='bbox 338 4008 394 4040; x_wconf 82' lang='lat' dir='ltr'>esee</span> <span class='ocrx_word' id='word_1_287' title='bbox 420 3992 649 4056; x_wconf 82' lang='lat' dir='ltr'>Greamimdumque</span> <span class='ocrx_word' id='word_1_288' title='bbox 668 3990 777 4040; x_wconf 77' lang='lat' dir='ltr'>Helleni</span> <span class='ocrx_word' id='word_1_289' title='bbox 793 3992 990 4054; x_wconf 81' lang='lat' dir='ltr'>condiscipulum</span> <span class='ocrx_word' id='word_1_290' title='bbox 1005 3991 1086 4052; x_wconf 67' lang='lat' dir='ltr'>fuisse</span> <span class='ocrx_word' id='word_1_291' title='bbox 1104 3992 1240 4053; x_wconf 79' lang='lat' dir='ltr'>adfirmare</span> <span class='ocrx_word' id='word_1_292' title='bbox 1265 3991 1380 4045; x_wconf 80' lang='lat' dir='ltr'>debeam.</span> <span class='ocrx_word' id='word_1_293' title='bbox 1405 4008 1469 4042; x_wconf 83' lang='lat' dir='ltr'>nune</span> 
     </span>
     <span class='ocr_line' id='line_1_41' title="bbox 175 4075 1469 4141; baseline 0.002 -17"><span class='ocrx_word' id='word_1_294' title='bbox 175 4078 275 4125; x_wconf 82' lang='lat' dir='ltr'>tandem</span> <span class='ocrx_word' id='word_1_295' title='bbox 299 4078 357 4124; x_wconf 76' lang='lat' dir='ltr'>attilii</span> <span class='ocrx_word' id='word_1_296' title='bbox 374 4084 433 4126; x_wconf 86' lang='lat' dir='ltr'>noto</span> <span class='ocrx_word' id='word_1_297' title='bbox 453 4077 643 4141; x_wconf 66' lang='lat' dir='ltr'>Epigrammata</span> <span class='ocrx_word' id='word_1_298' title='bbox 662 4076 769 4125; x_wconf 82' lang='lat' dir='ltr'>Ioannis</span> <span class='ocrx_word' id='word_1_299' title='bbox 786 4076 989 4140; x_wconf 82' lang='lat' dir='ltr'>Aesticampiont</span> <span class='ocrx_word' id='word_1_300' title='bbox 1013 4075 1059 4131; x_wconf 80' lang='lat' dir='ltr'>(es.</span> <span class='ocrx_word' id='word_1_301' title='bbox 1072 4093 1100 4139; x_wconf 83' lang='lat' dir='ltr'>p.</span> <span class='ocrx_word' id='word_1_302' title='bbox 1114 4075 1187 4137; x_wconf 71' lang='grc'><em>542.)</em></span> <span class='ocrx_word' id='word_1_303' title='bbox 1203 4078 1317 4139; x_wconf 80' lang='lat' dir='ltr'>faciunt:</span> <span class='ocrx_word' id='word_1_304' title='bbox 1340 4078 1387 4126; x_wconf 82' lang='lat' dir='ltr'>diis</span> <span class='ocrx_word' id='word_1_305' title='bbox 1405 4078 1469 4126; x_wconf 86' lang='lat' dir='ltr'>enim</span> 
     </span>
     <span class='ocr_line' id='line_1_42' title="bbox 177 4161 1469 4224; baseline 0.001 -14"><span class='ocrx_word' id='word_1_306' title='bbox 177 4162 337 4213; x_wconf 80' lang='lat' dir='ltr'>Greernundi.</span> <span class='ocrx_word' id='word_1_307' title='bbox 367 4161 536 4217; x_wconf 80' lang='lat' dir='ltr'>Weidmonni,</span> <span class='ocrx_word' id='word_1_308' title='bbox 555 4161 665 4209; x_wconf 86' lang='lat' dir='ltr'>Ilutteai</span> <span class='ocrx_word' id='word_1_309' title='bbox 683 4161 890 4211; x_wconf 80' lang='lat' dir='ltr'>commendaticia</span> <span class='ocrx_word' id='word_1_310' title='bbox 908 4162 1022 4209; x_wconf 82' lang='lat' dir='ltr'>earmina</span> <span class='ocrx_word' id='word_1_311' title='bbox 1038 4166 1096 4224; x_wconf 79' lang='lat' dir='ltr'>poet</span> <span class='ocrx_word' id='word_1_312' title='bbox 1115 4162 1194 4223; x_wconf 74' lang='lat' dir='ltr'>ipsiius</span> <span class='ocrx_word' id='word_1_313' title='bbox 1213 4163 1325 4210; x_wconf 79' lang='lat' dir='ltr'>auctoris</span> <span class='ocrx_word' id='word_1_314' title='bbox 1343 4163 1469 4211; x_wconf 73' lang='lat' dir='ltr'>hendeca-</span> 
     </span>
    </p>
   </div>
   <div class='ocr_carea' id='block_1_7' title="bbox 174 4245 1552 4309">
    <p class='ocr_par' dir='ltr' id='par_1_7' title="bbox 174 4245 1552 4309">
     <span class='ocr_line' id='line_1_43' title="bbox 174 4245 1552 4309; baseline 0.002 -17"><span class='ocrx_word' id='word_1_315' title='bbox 174 4245 319 4307; x_wconf 76' lang='lat' dir='ltr'>sytludicmn</span> <span class='ocrx_word' id='word_1_316' title='bbox 341 4247 477 4308; x_wconf 72' lang='lat' dir='ltr'>praemisso</span> <span class='ocrx_word' id='word_1_317' title='bbox 499 4252 569 4300; x_wconf 79' lang='lat' dir='ltr'>arant,</span> <span class='ocrx_word' id='word_1_318' title='bbox 598 4252 624 4293; x_wconf 87' lang='lat' dir='ltr'>ut</span> <span class='ocrx_word' id='word_1_319' title='bbox 647 4253 695 4293; x_wconf 89' lang='lat' dir='ltr'>tum</span> <span class='ocrx_word' id='word_1_320' title='bbox 716 4251 906 4309; x_wconf 72' lang='lat' dir='ltr'>praeceptorum</span> <span class='ocrx_word' id='word_1_321' title='bbox 928 4260 1029 4294; x_wconf 82' lang='lat' dir='ltr'>snorum</span> <span class='ocrx_word' id='word_1_322' title='bbox 1050 4247 1136 4309; x_wconf 80' lang='lat' dir='ltr'>paullo</span> <span class='ocrx_word' id='word_1_323' title='bbox 1159 4245 1328 4309; x_wconf 77' lang='lat' dir='ltr'>provectioris</span> <span class='ocrx_word' id='word_1_324' title='bbox 1351 4247 1469 4308; x_wconf 79' lang='lat' dir='ltr'>discipuli</span> <span class='ocrx_word' id='word_1_325' title='bbox 1546 4247 1552 4257; x_wconf 87' lang='lat'><em>&#39;</em></span> 
     </span>
    </p>
   </div>
   <div class='ocr_carea' id='block_1_8' title="bbox 175 4329 1259 4394">
    <p class='ocr_par' dir='ltr' id='par_1_8' title="bbox 175 4329 1259 4394">
     <span class='ocr_line' id='line_1_44' title="bbox 175 4329 1259 4394; baseline -0.002 -16"><span class='ocrx_word' id='word_1_326' title='bbox 175 4331 263 4378; x_wconf 80' lang='lat' dir='ltr'>laudes</span> <span class='ocrx_word' id='word_1_327' title='bbox 279 4333 424 4393; x_wconf 56' lang='lat' dir='ltr'>praecinere</span> <span class='ocrx_word' id='word_1_328' title='bbox 442 4329 567 4379; x_wconf 79' lang='lat' dir='ltr'>solebant.</span> <span class='ocrx_word' id='word_1_329' title='bbox 586 4336 662 4394; x_wconf 80' lang='lat' dir='ltr'>atque</span> <span class='ocrx_word' id='word_1_330' title='bbox 680 4346 767 4379; x_wconf 82' lang='lat' dir='ltr'>aereus</span> <span class='ocrx_word' id='word_1_331' title='bbox 785 4331 831 4379; x_wconf 81' lang='lat' dir='ltr'>lios</span> <span class='ocrx_word' id='word_1_332' title='bbox 848 4330 917 4378; x_wconf 72' lang='lat' dir='ltr'>dauid</span> <span class='ocrx_word' id='word_1_333' title='bbox 932 4346 995 4379; x_wconf 84' lang='lat' dir='ltr'>eone</span> <span class='ocrx_word' id='word_1_334' title='bbox 1013 4331 1173 4393; x_wconf 79' lang='lat' dir='ltr'>spernendos</span> <span class='ocrx_word' id='word_1_335' title='bbox 1191 4330 1259 4378; x_wconf 83' lang='lat' dir='ltr'>cudit</span> 
     </span>
    </p>
   </div>
   <div class='ocr_carea' id='block_1_9' title="bbox 175 4463 1465 4612">
    <p class='ocr_par' dir='ltr' id='par_1_9' title="bbox 175 4463 1465 4612">
     <span class='ocr_line' id='line_1_45' title="bbox 433 4463 1208 4515; baseline 0 -1"><span class='ocrx_word' id='word_1_336' title='bbox 433 4463 691 4514; x_wconf 76' lang='lat' dir='ltr'>THEODERICVS</span> <span class='ocrx_word' id='word_1_337' title='bbox 711 4464 953 4515; x_wconf 73' lang='lat' dir='ltr'>GRBSMVNDVS</span> <span class='ocrx_word' id='word_1_338' title='bbox 972 4464 1208 4514; x_wconf 76' lang='lat' dir='ltr'>atauvurtnvs</span> 
     </span>
     <span class='ocr_line' id='line_1_46' title="bbox 175 4569 1465 4612; baseline 0.002 -2"><span class='ocrx_word' id='word_1_339' title='bbox 175 4573 208 4611; x_wconf 86' lang='lat' dir='ltr'>m</span> <span class='ocrx_word' id='word_1_340' title='bbox 229 4572 356 4612; x_wconf 74' lang='lat' dir='ltr'>maruan</span> <span class='ocrx_word' id='word_1_341' title='bbox 378 4570 522 4611; x_wconf 73' lang='lat' dir='ltr'>rosarum</span> <span class='ocrx_word' id='word_1_342' title='bbox 539 4569 1282 4611; x_wconf 74' lang='lat' dir='ltr'>rrnrarrsnr1ouuuu1saasr1caur1au1rourm</span> <span class='ocrx_word' id='word_1_343' title='bbox 1299 4570 1465 4612; x_wconf 77' lang='lat' dir='ltr'>uavnuarr.</span> 
     </span>
    </p>
   </div>
   <div class='ocr_carea' id='block_1_10' title="bbox 377 4685 1072 4837">
    <p class='ocr_par' dir='ltr' id='par_1_10' title="bbox 377 4685 1072 4837">
     <span class='ocr_line' id='line_1_47' title="bbox 377 4685 1072 4751; baseline -0.001 -14"><span class='ocrx_word' id='word_1_344' title='bbox 377 4686 432 4737; x_wconf 89' lang='lat' dir='ltr'>Ore</span> <span class='ocrx_word' id='word_1_345' title='bbox 451 4701 500 4735; x_wconf 84' lang='lat' dir='ltr'>suo</span> <span class='ocrx_word' id='word_1_346' title='bbox 519 4685 662 4736; x_wconf 81' lang='lat' dir='ltr'>celebrant</span> <span class='ocrx_word' id='word_1_347' title='bbox 679 4701 792 4749; x_wconf 84' lang='lat' dir='ltr'>superos</span> <span class='ocrx_word' id='word_1_348' title='bbox 811 4687 966 4751; x_wconf 87' lang='lat' dir='ltr'>quicunque</span> <span class='ocrx_word' id='word_1_349' title='bbox 984 4691 1072 4751; x_wconf 82' lang='lat' dir='ltr'>poetae</span> 
     </span>
     <span class='ocr_line' id='line_1_48' title="bbox 379 4769 1053 4837; baseline 0.001 -18"><span class='ocrx_word' id='word_1_350' title='bbox 379 4771 591 4835; x_wconf 82' lang='lat' dir='ltr'>Perturiuntque</span> <span class='ocrx_word' id='word_1_351' title='bbox 609 4771 672 4836; x_wconf 80' lang='lat' dir='ltr'>pies</span> <span class='ocrx_word' id='word_1_352' title='bbox 691 4786 724 4821; x_wconf 87' lang='lat' dir='ltr'>ex</span> <span class='ocrx_word' id='word_1_353' title='bbox 743 4771 796 4820; x_wconf 89' lang='lat' dir='ltr'>imo</span> <span class='ocrx_word' id='word_1_354' title='bbox 814 4776 926 4837; x_wconf 88' lang='lat' dir='ltr'>pectore</span> <span class='ocrx_word' id='word_1_355' title='bbox 944 4769 1053 4832; x_wconf 83' lang='lat' dir='ltr'>laudes,</span> 
     </span>
    </p>
   </div>
   <div class='ocr_carea' id='block_1_11' title="bbox 0 0 1652 5408">
    <p class='ocr_par' dir='ltr' id='par_1_11' title="bbox 0 0 1652 5408">
     <span class='ocr_line' id='line_1_49' title="bbox 0 0 1652 5408; baseline 0 1"><span class='ocrx_word' id='word_1_356' title='bbox 0 0 1652 5408; x_wconf 95' lang='lat' dir='ltr'> </span> 
     </span>
    </p>
   </div>
  </div>
 </body>
</html>
