3294 5408
309 401 474 436 urrunnun
488 401 685 435 EXCEPTIONEM
699 400 885 436 MOGVN'HNAM
899 400 1020 434 annuunt
1036 402 1238 437 nannenten.
1346 375 1419 446 357

275 579 311 617 uo
327 556 499 634 Suspicione
522 563 619 624 caret,
644 555 777 633 odiisque
800 553 926 615 obnoxia
950 563 1064 632 regnat.

260 693 264 701 .
326 658 444 726 Cernis,
468 664 500 717 ut
522 665 566 718 est
589 656 705 734 templis
728 655 801 717 alius
824 659 917 728 nitor,
941 659 1039 717 omnia
1062 657 1143 719 cultu
1322 660 1418 741 trouu.

325 760 410 820 Festa
434 759 527 819 noro?
550 758 619 837 quid
643 757 718 829 tale,
742 776 831 836 rogo,
853 761 938 838 prior
961 777 1055 820 annus
1077 759 1225 822 babebat?

326 862 429 922 Omnia
452 879 557 939 magna
582 861 716 939 quidem,
740 880 842 922 rerum
865 862 900 921 ad
924 869 952 922 te
975 879 1062 939 parra
1086 870 1196 942 tuoque

323 966 422 1042 Aequa
446 964 543 1023 minus
566 963 680 1023 decori:
705 970 788 1041 potes
811 962 880 1032 bos,
904 961 1121 1041 pulcherrime,
1144 963 1266 1045 plausus

273 1089 309 1129 rao
324 1066 395 1127 'lam
420 1065 533 1145 trepide
555 1064 692 1142 amplecti
714 1071 803 1142 teque
825 1065 871 1124 bis
894 1082 1016 1126 censere
1038 1067 1202 1128 minorem?
1271 1068 1417 1150 &33:323ss

322 1169 415 1247 Digne
438 1168 518 1227 omni
540 1185 663 1245 pompa,
687 1166 801 1227 solenni
823 1166 910 1243 digne
932 1166 1099 1247 triumpho,

323 1269 499 1347 Ingredere,
524 1287 557 1337 o,
580 1267 722 1347 laetusque
746 1277 828 1328 tuum
851 1269 1018 1329 conscende
1040 1268 1184 1339 tribunal,

323 1373 363 1433 lta
387 1370 481 1449 legeS,
505 1371 541 1431 da
564 1372 627 1430 iura
652 1371 736 1439 viris,
760 1389 897 1430 assuesce
920 1371 1019 1431 vocari

322 1475 397 1553 Spes
418 1474 548 1542 miscriS,
572 1471 660 1532 tutela
684 1473 778 1551 inopi!
803 1472 872 1532 dant
895 1475 1014 1533 numina
1037 1473 1107 1534 solis

270 1595 307 1634 na
322 1574 509 1654 Principibus
531 1592 636 1652 sapere
659 1582 726 1634 ante
750 1574 842 1634 diem:
866 1581 897 1635 tu
919 1573 1038 1635 Pallade
1060 1575 1162 1637 dextra

321 1676 434 1737 Oblatis
456 1677 557 1737 lruere
580 1682 609 1737 et
631 1677 716 1755 regni
738 1675 892 1737 subeuntis
914 1675 1046 1737 lrabenas

322 1781 428 1856 brripe
451 1777 627 1857 sublimique
650 1779 747 1838 animo
770 1777 916 1838 contende
940 1779 1055 1854 priores

319 1881 439 1942 Eliectis
461 1883 574 1942 anteire
596 1888 678 1948 tuos;
702 1880 795 1957 magis
818 1881 872 1940 iste
895 1881 1046 1958 magisque

321 1982 461 2044 Publicus
483 1983 568 2044 ardet
590 2000 673 2042 amor
696 1989 897 2060 conceptaque
920 1982 1019 2059 opinio
1042 1981 1079 2043 de
1101 1989 1145 2043 te:

268 2106 305 2148 rao
320 2087 502 2162 Agnoscisne
524 2092 592 2145 tuos
614 2086 701 2144 istoru
724 2084 871 2161 vineisque
895 2082 1054 2161 pudorem,

320 2187 423 2248 Omnia
447 2189 497 2265 qui
520 2187 627 2255 alneio,
651 2185 878 2246 fortunatissime
901 2185 1021 2245 rerum?

319 2288 392 2351 Nam
416 2307 480 2367 quac
502 2287 663 2349 multorum
686 2288 812 2348 lortunm
834 2287 909 2347 doira
933 2286 1085 2358 ridentur,

320 2391 428 2470 Sparsa
451 2389 539 2459 locis,
563 2392 593 2449 in
616 2398 644 2450 te
668 2391 757 2450 mixta
780 2398 809 2449 ct
830 2388 953 2448 collecta
976 2396 1108 2459 tuemur,

319 2493 449 2561 Nomen,
472 2511 559 2571 opeS,
583 2491 724 2562 sormam,
748 2508 855 2570 genus,
879 2511 896 2551 o
919 2499 947 2550 tc
971 2499 1076 2553 cuncta
1098 2500 1221 2571 repento

269 2615 305 2656 no
320 2596 357 2656 Et
379 2596 489 2673 pariter
512 2596 636 2655 lactum:
660 2613 787 2673 namque
811 2600 842 2652 ut
864 2600 892 2653 te
916 2595 944 2654 in
968 2610 1058 2670 regua
1081 2593 1227 2666 locarent,

318 2696 430 2775 Exiguo
453 2697 552 2775 spacio
575 2705 603 2757 et
625 2704 786 2775 properato
809 2696 987 2757 occumbere
1008 2696 1067 2757 leto

318 2801 392 2860 Ante
414 2800 488 2859 diros
511 2798 629 2858 voluere
652 2797 699 2857 dei
721 2798 881 2858 succedere
904 2815 966 2876 praa
988 2805 1016 2858 te

319 2901 383 2961 Non
406 2901 528 2960 veritos:
552 2901 615 2960 baec
636 2901 719 2977 signa
743 2899 865 2967 dabant,
890 2900 1065 2977 deposceret
1087 2900 1135 2959 isti

318 3001 411 3072 Quem
436 3002 553 3061 lortuua
575 3001 642 3061 loeo
666 3019 778 3080 nosque
801 3001 982 3061 admonuere
1005 2999 1122 3078 legendi

265 3125 303 3166 rto
318 3105 461 3182 Principis
483 3102 541 3163 lum
563 3121 622 3182 quo
644 3103 701 3162 tata
725 3110 844 3163 vocent:
868 3106 892 3162 si
915 3104 1018 3164 tertius
1040 3112 1117 3165 essct

316 3210 411 3267 bursus
433 3208 463 3265 in
485 3205 542 3265 boc
564 3205 669 3266 solium
692 3207 780 3266 vetito
803 3224 835 3266 se
857 3207 973 3266 mittere
996 3206 1071 3275 lato,

318 3308 377 3369 biis
399 3307 536 3385 equidem
558 3309 639 3368 iratis
661 3325 730 3368 reor
753 3317 916 3385 eventuque
940 3309 1057 3368 sinistro

316 3411 453 3471 Punitum
477 3428 627 3471 errorem:
650 3428 705 3469 nos
726 3409 783 3471 laeti
806 3410 1010 3488 amplectimur
1033 3428 1120 3470 omen

317 3512 537 3590 Fortunamque
560 3521 640 3573 tuam
663 3511 760 3572 studio
783 3519 930 3572 sectamur
953 3520 1082 3572 orantes

182 3715 214 3750 ¹¹⁵
232 3716 358 3782 aditaque
371 3721 394 3766 6.
443 3715 475 3749 ¹¹¹
494 3706 768 3781 alitro]iuuaitatua.'¹
816 3714 847 3748 ¹¹⁸
866 3715 901 3765 ad
914 3712 953 3782 te]
968 3715 1066 3766 habita
1085 3720 1139 3766 tuae
1151 3731 1275 3781 personae
1288 3719 1406 3769 ratione.

114 3800 147 3835 ¹¹¹¹
165 3802 347 3853 commendat.
360 3816 407 3850 om.
422 3803 447 3850 3.
507 3798 539 3832 ¹²¹
558 3800 713 3850 conscende
732 3805 757 3850 5.
821 3798 853 3832 ¹²⁵
871 3798 998 3868 Pallade]
1019 3800 1173 3865 Sapientia.
1193 3801 1247 3851 Sed
1267 3803 1407 3868 „praecipe

113 3903 167 3938 nou
186 3886 302 3937 sublime
321 3888 445 3951 sapere''.
471 3885 514 3935 Cf.
535 3887 609 3935 infra
627 3901 652 3935 v.
675 3884 746 3936 1103.
761 3901 819 3951 sqq.
878 3885 910 3918 ¹²⁸
929 3883 1056 3951 Elleetis]
1076 3883 1190 3936 saetis.*
1248 3883 1279 3917 ¹²⁹
1298 3902 1406 3937 conem-

112 3978 191 4039 ptaqj
210 3975 266 4021 ld.
320 3969 352 4003 ¹²¹
371 3983 458 4035 nauqt
478 3974 500 4018 1.
509 3974 566 4022 25.
625 3968 657 4002 ¹¹¹
676 3969 741 4020 laeto
760 3975 783 4020 1.
793 3974 851 4020 2.5.
871 3971 926 4033 „se
939 3969 1053 4020 alberto
1074 3970 1158 4019 tratre
1177 3971 1247 4020 t'orte
1265 3971 1321 4020 vici
1340 3972 1407 4022 duce

112 4057 225 4122 saxonie
243 4062 272 4108 et
288 4057 343 4106 uuir
363 4055 396 4105 de
410 4051 526 4105 biuebet
539 4050 750 4121 [Henuebergt]
771 4057 817 4120 qui
831 4055 924 4106 fueruit
937 4061 965 4105 et
977 4055 1113 4120 dicebatap
1126 4054 1341 4105 coadiutoros··*.
1365 4059 1406 4107 Ex

113 4142 302 4203 adnotatione,
321 4141 445 4207 quamvis
457 4139 596 4201 mendosa,
616 4156 711 4189 versus
727 4139 781 4189 tau.
796 4157 868 4205 sqq,
884 4142 930 4205 qui
944 4146 1038 4206 aperte
1051 4141 1085 4190 do
1098 4141 1348 4205 praedecessoribus
1360 4142 1405 4191 Al·

112 4228 185 4277 berti
204 4227 317 4290 (Iacobo
336 4243 353 4276 a
371 4226 552 4276 Licbenatcin
571 4224 588 4285 †
607 4223 632 4274 d.
651 4223 688 4272 tu.
707 4224 757 4275 lul.
778 4222 841 4290 [uon
861 4225 886 4274 d.
908 4224 946 4274 ta.
966 4223 1052 4290 Sept]
1073 4240 1098 4274 a.
1120 4223 1193 4274 1508.
1213 4230 1241 4275 et
1257 4225 1353 4275 Uriele
1372 4226 1405 4276 de

113 4311 294 4377 Gemmingen
307 4311 325 4373 †
339 4311 364 4360 d.
378 4310 403 4360 11.
415 4310 496 4360 Febr.
505 4326 530 4359 a.
540 4309 626 4370 1514.)
640 4324 693 4358 uon
707 4314 771 4359 stunt
784 4309 980 4375 intellegendi,
995 4309 1136 4375 explicent
1150 4309 1206 4360 alii.
1238 4310 1281 4358 De
1295 4311 1405 4360 coadiu-

112 4396 218 4447 toribua
247 4396 351 4446 duobus
380 4396 415 4445 ab
438 4394 532 4444 tiriolo
563 4395 697 4443 institutis
725 4394 794 4443 nibil
818 4394 875 4459 legi
904 4396 931 4444 iu
955 4396 1069 4444 loannis
1090 4395 1162 4445 illst.
1186 4396 1309 4460 blogunt.
1351 4395 1405 4446 Sed

111 4481 233 4532 Urielem
252 4486 399 4547 antequam
417 4486 569 4530 moreretur
587 4480 779 4545 paenitentiam
797 4480 826 4528 in
845 4478 1091 4529 Cartlumianorum
1115 4481 1283 4529 monasterio
1303 4479 1404 4545 egisse,

111 4567 182 4632 quod
201 4566 344 4617 cellarium
362 4567 428 4616 vina
446 4565 625 4614 eradicantem
643 4564 789 4613 iracundia
808 4569 896 4613 motus
915 4565 1031 4614 victorio
1050 4565 1137 4615 tudite
1156 4565 1349 4630 percussisset,
1369 4565 1404 4615 ab

110 4652 209 4703 Ioanni
229 4666 335 4717 quoque
354 4651 470 4700 relatum
491 4656 541 4699 cst.
612 4648 645 4680 ¹³⁷
663 4647 699 4712 dij
719 4646 809 4699 corn*
873 4647 904 4680 ¹³⁸
923 4649 1065 4699 ulbertum
1084 4650 1212 4700 canorrici
1230 4650 1293 4700 ideo
1312 4649 1404 4717 elege-

110 4743 174 4790 runt
193 4736 263 4802 quod
282 4740 341 4802 ipae
360 4734 440 4801 pallii
459 4735 568 4786 emendi
586 4750 722 4800 expensas
740 4735 768 4783 in
787 4750 816 4785 so
836 4739 1004 4800 susceperat.
