3294 5408
252 362 327 434 248
452 390 575 428 uerum
588 391 624 426 AD
638 390 771 426 GAESABRH
784 388 996 426 Mlllsslaldllvss
1009 389 1231 426 ΕΡῙΕΒΔΙΙΑΤῚΙ
1244 391 1338 427 LIBER·

371 542 440 604 106.
640 546 690 597 AD
708 543 921 596 loncffluvnr
938 544 1150 597 MOLTZHAN.

456 666 507 727 tui
531 666 616 726 datus
638 683 672 742 es!
691 663 776 726 miles
798 663 889 734 bello,
912 664 970 726 dux
995 664 1089 726 lactus
1112 665 1215 726 eodem
1239 684 1284 735 es,

516 800 521 809 ·
541 767 618 828 Vidit
639 774 668 828 et
689 768 799 828 armari
819 773 848 827 et
869 769 986 829 vincere
1007 776 1124 846 tempus
1146 767 1233 828 idern.

458 869 521 930 llur
543 876 618 948 tyro,
642 870 796 930 confestim
819 870 909 930 virtus
930 871 1070 930 maturuit
1092 872 1120 929 in
1145 877 1188 930 le:

430 991 443 1031 r
541 970 616 1042 Quid
640 971 765 1033 mirum?
786 971 909 1032 summis
930 970 994 1032 baec
1017 972 1095 1032 venit
1116 981 1184 1033 ante
1206 972 1291 1033 diem.

378 1155 444 1217 107·
658 1160 709 1209 DE
728 1157 850 1210 GALLO
868 1159 993 1209 l'l'ALIA
1012 1159 1137 1210 PVLSO.

456 1277 551 1339 'lestis
574 1286 638 1338 eret
659 1276 760 1340 Gallus
781 1275 869 1356 paulo
892 1286 959 1340 ante
981 1279 1135 1356 insigniter
1157 1297 1247 1340 ausus

541 1378 606 1441 Non
629 1397 694 1440 esse
716 1380 746 1439 in
769 1379 905 1440 dominos
927 1398 1009 1440 arma
1031 1381 1161 1458 gerenda
1184 1382 1270 1443 deos:

459 1481 530 1543 Nam
554 1500 622 1542 cum
644 1481 721 1543 ultra
744 1482 819 1543 vires
841 1482 981 1561 quiddam
1002 1489 1142 1553 tentaret,
1166 1482 1203 1543 ab
1227 1484 1292 1553 illo,

433 1606 444 1646 r
545 1585 639 1657 Quem
662 1603 694 1644 se
717 1590 851 1663 sperarat
873 1586 1006 1655 vincere,
1030 1586 1123 1647 victus
1145 1586 1213 1647 abit.

458 1685 612 1765 Tanquam
636 1683 744 1765 aliquid
767 1704 832 1747 sese
854 1686 1007 1765 iudignum
1030 1687 1145 1749 lorluna
1170 1687 1297 1758 tulisset,

542 1788 673 1849 Primum
696 1786 737 1848 illi
759 1789 834 1850 victo
857 1789 949 1866 repsit
970 1790 1000 1848 in
1024 1808 1076 1850 ora
1100 1789 1210 1868 pudor;

460 1890 497 1950 rlt
518 1897 672 1969 postquam
695 1907 767 1950 cura
788 1891 864 1950 ratio
886 1896 1016 1951 mentem
1039 1892 1100 1967 egit
1120 1891 1157 1953 ab
1181 1891 1229 1953 illa

434 2013 447 2053 e
545 1990 638 2081 llltius
660 1997 704 2052 est
726 2009 811 2052 casem
833 1993 1013 2072 intuitusque
1035 2011 1119 2064 suos,

461 2095 566 2156 ‘llrma
587 2092 640 2154 trdi
662 2092 798 2165 temere',
821 2096 937 2172 quoties
959 2096 1112 2166 irascitur,
1135 2097 1244 2175 inquit,

485 2269 487 2273 y
544 2196 674 2257 ‘Numen
697 2194 788 2257 habet
809 2197 920 2266 Cesar,
945 2198 1064 2258 numine
1087 2199 1187 2259 vincor
1210 2197 1289 2275 ego‘.

379 2378 446 2441 108.
621 2383 670 2433 nn
689 2383 967 2435 unmnmmuvu
985 2384 1179 2436 sronrrnar.

461 2503 624 2583 ‘Sanguine
647 2522 741 2572 nunc,
765 2503 885 2572 ticine,
909 2502 999 2574 rube,
1022 2506 1282 2585 nunesanguine,
1306 2505 1388 2575 bari,
1427 2546 1430 2550 »

545 2605 650 2667 ‘lnllce
671 2605 849 2667 Teutonicas
871 2606 950 2666 caede
972 2606 1082 2667 lluente
1104 2613 1191 2668 retes.

459 2705 539 2778 ‘Qua
560 2708 676 2786 lugiunt
698 2708 786 2781 Galli,
810 2709 835 2769 si
857 2727 916 2770 non
940 2714 1019 2769 tenet
1041 2711 1138 2769 omnia
1160 2709 1259 2779 miles,

435 2829 448 2869 r
548 2809 671 2892 ‘Claude
692 2812 767 2872 riam
790 2812 892 2891 coepti,
916 2810 1041 2889 lupiter,
1066 2809 1187 2888 ellugii'.

459 2913 529 2974 llaec
551 2911 671 2992 aliquis:
694 2909 763 2975 iusti
785 2931 909 2993 superos
932 2931 1051 2974 movere
1072 2918 1225 2993 precatus,

546 3016 676 3077 Grasseti
697 3016 728 3076 in
750 3015 848 3079 Gallos
870 3016 968 3095 diique
991 3015 1183 3095 hominesque
1205 3015 1309 3078 simul:
1402 3012 1406 3018 ’

460 3117 616 3197 Nunquam
638 3118 677 3178 ita
700 3117 822 3179 terribili
845 3117 985 3180 luxerunt
1006 3114 1121 3195 fulgura
1143 3124 1239 3186 motu,

434 3239 447 3277 e
513 3291 516 3298 Ι
545 3219 687 3281 Turbavit
707 3227 857 3300 sumptum
878 3219 1014 3280 turbidus
1035 3218 1131 3281 imber
1152 3222 1218 3281 iter.

461 3321 569 3382 Slortia
592 3323 765 3401 progenies,
788 3340 843 3401 pro
866 3340 925 3401 quo
947 3329 1045 3383 moret
1067 3324 1165 3383 omnia
1187 3321 1329 3391 mundus,

545 3424 727 3484 derumnosa
750 3425 842 3503 patris
863 3424 965 3485 alesine
987 3424 1044 3484 luta
1067 3426 1160 3503 queri.

382 3606 449 3668 109·
573 3610 622 3660 Ab
641 3611 794 3661 BVNDEM
812 3611 862 3661 llll
881 3610 1084 3663 FRANclsco
1102 3611 1232 3662 rn'ar.

460 3730 533 3792 Tam
556 3736 674 3811 poterat
695 3730 799 3792 vixisse
822 3730 888 3800 diu,
911 3748 1067 3809 superesse
1090 3739 1132 3792 tot
1154 3748 1247 3790 annos

545 3833 666 3901 Slorlia,
689 3835 855 3912 pressisset
876 3834 901 3893 si
923 3841 971 3894 tua
994 3831 1079 3901 iacta,
1103 3851 1219 3912 parens.

327 3984 383 4036 luo.
415 3986 457 4036 Cl.
472 3987 559 4050 epigr.
572 3983 615 4035 911.
629 3983 686 4037 105.
700 4001 726 4037 v.
739 3986 765 4036 2.
817 3985 828 4019 ³
846 3987 882 4038 ef.
898 3986 933 4037 ud
952 3987 1038 4052 epigr.
1050 3984 1093 4036 99.
1106 4003 1131 4036 v.
1145 3986 1169 4035 7.
1184 3986 1277 4036 udnot

328 4069 385 4120 107.
415 4071 458 4121 Cf.
473 4071 559 4137 epigr.
574 4069 632 4122 103.
684 4069 749 4122 ³eb
768 4069 827 4138 illo]
850 4088 867 4122 a
884 4072 1008 4123 Venetis.

328 4155 383 4205 108.
415 4154 543 4206 ¹Lariue
561 4155 847 4207 lecus=Oomenaie.
901 4153 979 4222 ⁰dii]
993 4157 1028 4207 el.
1043 4156 1130 4221 epigr.
1143 4155 1185 4207 uu.
1239 4154 1425 4206 ⁹movit2d.
1472 4155 1493 4187 ¹⁰
1512 4156 1548 4205 el.

258 4259 315 4307 seq.
329 4242 416 4307 epigr.
430 4257 455 4292 v.
469 4241 494 4291 4.
547 4242 701 4292 Erumnosu
718 4244 742 4290 1.
751 4245 776 4292 2.
786 4245 811 4292 3.

328 4325 384 4377 lou.
414 4326 458 4376 Cf.
473 4327 552 4393 epigr
566 4325 726 4376 101.111.v.
740 4326 765 4377 5.
818 4324 950 4377 ¹lleeem
969 4342 1055 4377 annos
1068 4327 1096 4376 in
1109 4326 1231 4377 tenebris
1245 4327 1367 4376 carceris
1379 4326 1548 4376 Lueeeensis

258 4413 369 4477 (meree
387 4412 482 4478 oppidi
498 4411 678 4475 Turonensis)
696 4413 806 4462 vixerat
818 4413 984 4464 Ludovieus
1020 4411 1149 4462 Ceterum
1167 4426 1255 4476 neque
1274 4411 1325 4460 tilii
1343 4412 1402 4461 fetu
1420 4426 1549 4476 prospere

258 4498 403 4550 durarunt:
427 4503 489 4564 post
511 4496 636 4563 proelium
655 4498 862 4548 blarinienense
881 4497 917 4561 (d.
933 4497 971 4547 13.
986 4496 1061 4562 Sept.
1076 4513 1101 4546 e.
1118 4495 1202 4558 1515.)
1223 4502 1251 4546 et
1268 4497 1356 4547 tribue
1374 4497 1549 4546 hebdomadi·

258 4584 309 4634 bue
334 4587 396 4649 post
417 4583 453 4633 ob
476 4584 538 4647 ipso
560 4582 684 4633 inbecilli
702 4582 894 4648 bluximilieno
912 4582 1017 4632 Sfortio
1039 4581 1102 4632 duci
1126 4581 1280 4632 borbonieo
1304 4582 1435 4631 traditam
1459 4597 1547 4632 urcem

259 4667 496 4719 Mediolanensem
514 4684 575 4718 eum
594 4671 668 4719 omni
686 4685 735 4720 sno
753 4670 812 4719 inre
830 4668 999 4719 hereditario
1017 4667 1046 4716 in
1065 4666 1174 4718 Gellius
1193 4667 1297 4733 refugit
1309 4667 1479 4733 Parisiiaque
1498 4683 1548 4718 ce)-

259 4750 320 4802 lebs
337 4757 457 4803 mortuus
476 4758 519 4803 est
537 4770 562 4804 ι.
578 4752 652 4805 mae.
704 4753 715 4785 ⁸
733 4753 841 4804 caedere
859 4756 883 4803 1.
