3294 5408
374 387 479 422 uultum
492 388 512 421 1.
531 386 685 422 nxunntvu.
722 386 825 421 ntroin
839 387 869 421 11.
890 387 1008 423 ructans
1022 388 1123 422 bossut,

1130 442 1135 459 ι

306 542 459 603 novissem
482 548 656 621 torvumque
680 543 798 622 Soynim
821 541 1005 621 crudumque
1028 543 1231 612 l'roorustem,

390 642 557 704 Traxissem
581 642 698 703 rabidas
721 663 736 704 a
760 645 874 704 feritate
896 644 1003 721 tigrem

307 746 409 807 Omnia
433 747 604 813 movissem,
629 745 680 806 sed
704 748 782 807 enim
806 746 983 825 quitatem
1008 747 1110 815 vineit,

254 869 280 909 or
387 848 496 909 Saevior
519 848 547 907 in
571 847 672 917 nobis,
695 848 826 918 hessius,
851 866 915 909 esso
938 850 1048 927 potest:

305 949 390 1010 ilnuo
412 967 503 1027 rupes
524 951 599 1009 inter
622 949 762 1027 duramque
785 949 821 1010 ad
843 949 953 1011 robora
976 969 1103 1030 quereus
1281 952 1391 1032 titiana.

389 1051 497 1112 Nutriit
519 1051 660 1112 uberibus
681 1051 780 1130 Apina
802 1051 893 1113 leuna
916 1054 992 1122 suis,

305 1153 392 1224 Huic,
417 1153 467 1215 nbi
489 1160 575 1214 natus
598 1162 675 1223 erat,
699 1172 757 1232 qno
780 1152 820 1213 nii
844 1152 991 1215 crudelius
1014 1161 1105 1225 esset,

253 1278 279 1317 os
383 1255 555 1335 dispositrix
580 1256 642 1316 vitae
665 1274 752 1316 saxea
776 1255 864 1338 corda
889 1255 976 1317 dedit.

305 1357 521 1436 bsequium,
546 1378 564 1415 o
586 1359 702 1435 superi,
726 1358 870 1437 donisque
893 1358 930 1417 ad
952 1357 1061 1438 templa
1084 1359 1184 1420 relatis

387 1459 479 1520 Ferre
499 1461 564 1538 pias
587 1461 661 1519 iusta
685 1478 734 1519 vos
756 1477 863 1538 prooor
884 1478 957 1521 aure
979 1477 1099 1537 preces:

304 1561 382 1623 [iura
406 1561 482 1622 ierat
503 1563 551 1640 qui
575 1561 648 1622 dura
672 1561 766 1629 dedit,
791 1563 899 1640 qidque
922 1563 1053 1641 undique
1075 1564 1153 1622 saevit

253 1684 278 1723 rr
386 1663 497 1724 Cuncta
520 1663 628 1723 babeat
649 1682 714 1742 quae
736 1663 793 1724 siut
815 1683 889 1724 saeva
912 1664 1027 1724 inimica
1051 1663 1119 1724 sibi!

303 1764 354 1827 ille
376 1783 457 1826 meas
480 1765 593 1834 febres,
617 1764 664 1827 iile
688 1765 807 1826 horrida
830 1763 949 1827 vulnera
973 1774 1083 1835 suunt,

387 1867 439 1929 iile
463 1869 537 1929 ierat
559 1886 661 1936 casus,
685 1867 789 1927 ordine
811 1886 974 1947 quemque,
997 1869 1093 1929 nieos!

303 1969 455 2049 Impreoor
477 1971 531 2031 ista
554 1970 688 2049 quidem,
711 1969 762 2030 sed
783 1969 879 2031 adbuc
902 1971 1036 2047 graviora
1058 1977 1202 2037 irroretur,

254 2090 279 2130 ra
386 2070 489 2133 Omnia
513 2078 582 2133 sont
605 2079 707 2132 restrae
730 2070 829 2131 debita
851 2072 974 2132 iustitias.

627 2277 781 2350 [Eleqr'a
807 2276 873 2350 IL]

593 2392 749 2443 naclnvs
767 2393 894 2444 Lossn.
944 2442 946 2444 ,

302 2514 432 2590 Tempus
455 2520 518 2573 erat
540 2531 598 2591 qno
621 2521 687 2592 post
710 2513 813 2574 ductos
836 2532 872 2574 ex
895 2512 997 2572 ordine
1021 2531 1137 2574 menses

387 2613 516 2694 Octupes
538 2615 674 2676 occiduas
697 2615 810 2676 Cancer
832 2613 923 2675 inibat
945 2632 1050 2692 aquas,

303 2716 437 2795 Undique
460 2718 502 2776 vis
524 2717 628 2779 hiemis
650 2718 770 2797 rapidos
792 2719 1008 2778 constrinxerat
1030 2736 1145 2786 amnes,

266 2840 277 2878 r
384 2817 519 2897 Undique
542 2826 698 2881 concretos
721 2821 834 2895 frigore
853 2827 961 2897 pontus
983 2828 1061 2883 erat.

303 2920 416 2980 Etiam
440 2919 603 2997 digressum
627 2921 790 2982 Pornoraua
814 2940 848 2982 ex
872 2920 947 2982 urbe
969 2921 1124 2998 parabam.

388 3023 501 3083 burum
523 3041 597 3101 opus
620 3030 649 3084 et
671 3024 793 3083 nimium
818 3023 928 3083 viribus
951 3041 1020 3083 aare
1045 3026 1133 3085 meis:

301 3127 422 3186 Vertere
444 3125 500 3184 iter
522 3126 630 3202 potuit,
654 3126 678 3185 si
702 3123 802 3194 veliet,
826 3125 945 3185 bossius
967 3125 1051 3185 iilud:
1290 3126 1391 3213 ,⁰:32ss

264 3250 276 3287 s
384 3226 457 3287 iluio
480 3246 534 3303 ego
557 3234 627 3287 tuno
649 3235 767 3306 srrmpto
790 3226 905 3287 ‹ieiiitor
927 3246 985 3287 itare
1008 3227 1065 3293 fui:

301 3329 357 3390 Sed
374 3330 459 3409 petii.
478 3337 509 3389 ut
524 3331 650 3400 sineret,
667 3331 857 3407 nequeenim
875 3331 932 3389 iam
949 3329 1074 3391 reddere
1090 3349 1222 3410 possem,

385 3432 546 3492 Fortunam
569 3432 688 3493 aiterins
710 3451 757 3492 ino
780 3431 904 3491 subiisse
926 3430 999 3499 ioci,

302 3535 367 3595 Sive
390 3534 458 3613 quid
482 3536 599 3612 ingenio
623 3535 791 3613 «quaesitum,
815 3535 875 3594 sire
898 3552 951 3612 pier
974 3536 1076 3603 artois,

252 3657 276 3696 ra
387 3638 451 3708 Quo
475 3655 592 3716 possem
615 3636 697 3696 inoro
721 3636 846 3701 redibis.
868 3643 984 3715 surrupta
1008 3638 1079 3696 viro.

302 3739 409 3799 bnnirit
432 3747 461 3800 et
483 3739 554 3799 dixit
577 3737 670 3808 ‘Quod
694 3737 771 3807 abis,
796 3740 833 3798 ita
847 3739 934 3829 'torte
957 3756 1079 3800 rieoosse
1103 3746 1160 3807 est,

387 3839 475 3918 ‘Ergo
498 3840 553 3900 tibi
576 3841 707 3910 dabitur,
731 3859 791 3900 non
814 3841 960 3919 potuisse,
983 3839 1070 3908 satis’,

165 3976 185 4008 ‘¹
207 3987 339 4041 turudum)
357 3980 382 4026 Ι.
442 3977 529 4025 binim
549 3981 573 4025 2.
583 3963 608 4025 3.
661 3975 794 4040 parcutitur
815 3981 837 4026 1.
858 3976 928 4031 dota.
942 3976 1000 4026 ber.
1014 3977 1050 4026 ΙΙ.
1064 3974 1105 4026 dtr.
1120 3992 1159 4041 sq.
1179 4013 1229 4035 .‚...
1244 3983 1391 4041 torvusque

149 4066 269 4121 prumea,
289 4060 419 4123 ursinis,
440 4066 468 4110 et
481 4063 552 4110 tauri
564 4062 700 4126 mistaque
714 4062 801 4111 forma
819 4060 895 4111 viri''.
916 4060 959 4110 Gi.
973 4060 1075 4125 dialog.
1088 4060 1250 4112 Phalarism.
1304 4060 1327 4094 ⁶⁴
1344 4065 1393 4121 §r-

149 4151 196 4196 et.
250 4144 373 4210 ⁶⁵rorem
394 4149 416 4194 t.
468 4143 654 4211 “imitata
707 4144 727 4177 ⁷¹
748 4145 808 4210 [ruit
829 4150 852 4195 1.

167 4229 174 4262 ¹
195 4229 323 4296 Tempus]
348 4235 463 4281 exennte
487 4231 624 4281 ‹ieoembri
645 4246 670 4279 a.
692 4229 766 4280 lodii.
803 4231 963 4281 ()oid.Fast.
979 4231 999 4279 1.
1014 4229 1071 4279 311.
1086 4246 1143 4295 sqq.
1163 4233 1255 4296 „Ergo
1274 4232 1320 4281 ubi
1339 4249 1391 4282 nox

151 4317 188 4365 rit
206 4317 329 4365 venturis
347 4316 431 4365 tertia
444 4317 529 4366 Nonis
542 4316 697 4381 Sparsaque
718 4315 824 4366 caelesti
844 4332 903 4366 rore
916 4315 1040 4365 madebit
1052 4314 1157 4378 burnus,
1177 4316 1322 4381 t'tetipedis
1335 4318 1390 4366 frn-

149 4418 156 4449 ι
180 4406 338 4465 quaenrntur
361 4401 477 4450 brachia
496 4401 610 4451 Caneri:
636 4402 763 4465 l'rioceps
787 4400 918 4450 occiduas
942 4399 988 4450 iilo
1007 4400 1112 4450 subivit
1134 4391 1246 4466 aquas‘.
1311 4400 1391 4452 5Ρο-

149 4483 322 4551 alGryphia.
368 4485 390 4516 ⁸³⁸
408 4491 568 4535 sumtum.
617 4502 653 4538 err
671 4491 694 4536 1.
742 4484 762 4517 ¹²
781 4484 895 4535 reddero
914 4486 1060 4549 pecuniam
1078 4488 1170 4534 mutuo
1182 4491 1317 4552 sumptam
1331 4503 1392 4538 omn

149 4571 198 4621 ria.
251 4568 272 4602 ¹⁴
287 4570 401 4623 trabitur:
429 4584 480 4623 nott
498 4569 613 4634 potuiiit:
633 4571 702 4632 sutis·
718 4574 741 4619 1.
762 4572 779 4620 i.
794 4587 817 4622 o.
832 4572 900 4635 quod
917 4569 1025 4619 debitara
1042 4571 1171 4633 pecuniam
1190 4574 1323 4623 resolvere
1341 4590 1390 4624 nore

149 4672 186 4717 er,
214 4672 263 4719 pro
280 4658 344 4705 antis
362 4658 463 4706 duttoue
481 4657 527 4706 titt
542 4659 706 4721 permittitur.
736 4670 843 4706 versum
862 4655 922 4705 sine
941 4655 1163 4719 interpunctione
1183 4654 1312 4706 exhibent
1330 4661 1390 4709 2.3·

156 4739 227 4804 eleg.
241 4740 273 4791 V.
287 4740 327 4789 79.
341 4757 400 4806 sqq.
