3294 5408
175 385 245 457 102
506 411 630 449 ΗΥΤΤΙΜ
644 411 680 447 nti
692 410 765 455 tuns
777 404 1016 447 vsnstrtodtottu
1028 408 1122 444 LIBR-

343 568 369 628 o
391 569 466 628 Sunt
487 565 595 644 quibus
617 564 731 626 accedit
753 562 847 644 (potes
869 562 927 624 hoo
948 563 1115 641 inquirere,
1136 561 1240 643 lector)
1350 562 1458 648 lm*

339 667 459 750 ,Syllaba
483 675 586 747 quarta
609 666 715 745 pedes,
737 666 916 727 immensum
939 671 983 726 est
1005 665 1103 726 omnia
1125 665 1191 726 dici.
1307 657 1310 662 ’
1457 731 1460 737 ff

345 771 371 832 ll
393 770 546 832 Miscueris
568 777 686 830 tenuem
708 769 732 828 si
755 768 882 847 quaudo·
895 767 931 827 ad
955 784 1076 828 carmen
1097 765 1219 829 Homeri
1321 766 1462 849 stiffi,

290 895 331 936 oso
345 872 580 939 Pentametrum,
604 869 736 931 numeris
758 867 840 929 dabit
860 868 896 928 iis
917 866 1036 945 Elegeia
1058 883 1175 930 nomen.

315 980 318 985 “
344 974 370 1033 (l
392 972 522 1050 Exiguos
544 970 644 1050 elegos
667 970 791 1050 pedibus
813 979 950 1030 constare
971 968 1090 1031 duobus

344 1075 468 1138 blaxima
491 1091 561 1152 pars
583 1081 680 1134 vatum
702 1073 804 1135 sentit:
828 1072 865 1132 da
887 1071 1022 1152 dactylon
1045 1070 1101 1132 illis
1305 1071 1464 1153 1⁰53*

344 1177 575 1256 Spondeumque
597 1168 733 1253 gravem;
757 1172 829 1234 nihil
852 1172 962 1234 hocin
985 1173 1116 1235 carmine
1138 1175 1211 1235 iuris

344 1277 425 1340 Alter
446 1274 551 1347 babet,
575 1276 689 1337 cunctis
712 1282 756 1336 est
779 1273 877 1336 ultima
901 1273 1036 1336 versibus
1057 1293 1183 1355 anceps:

292 1401 331 1441 ns
345 1380 434 1442 Pouis
455 1379 485 1439 lu
507 1377 602 1439 heroo
624 1395 742 1456 semper
764 1377 933 1456 promiscue
955 1384 1129 1457 utrumque„

346 1482 396 1543 lus
417 1481 568 1542 tamen-in
590 1479 690 1558 quinta
714 1488 771 1549 est,
796 1479 874 1558 (nam
896 1496 947 1539 sex
969 1478 1141 1557 regionibus
1162 1477 1235 1542 illud

345 1583 507 1644 Dividimus
529 1580 658 1660 carmen)
682 1577 737 1648 soli
758 1578 826 1649 tibi,
850 1577 978 1659 dactyle,
1002 1587 1129 1659 perstet,

345 1683 500 1765 spondeus
521 1691 636 1744 sextum
658 1679 714 1742 sibi
737 1698 790 1761 pes
812 1682 874 1742 vice
895 1682 1001 1760 quaerit
1022 1682 1134 1744 eadem.

344 1787 371 1846 u
393 1786 477 1864 Saepe
499 1791 597 1845 tamen
619 1785 751 1863 quintam
774 1784 804 1844 in
825 1801 914 1844 versu
935 1801 989 1862 pes
1010 1791 1137 1863 occupat
1154 1785 1250 1847 idem:
1355 1785 1467 1869 lig*

290 1909 329 1950 aur
343 1889 455 1949 ‘Cboro
476 1887 563 1946 deum
584 1886 709 1959 soboles,
729 1901 871 1961 monum
891 1884 970 1946 Iouis
989 1889 1219 1972 incrementum.

344 1987 425 2050 Alter
447 1989 475 2049 iu
499 1985 619 2048 alterius
641 1987 779 2066 quoniam
802 1985 970 2049 resolubilis
992 1994 1071 2049 extat

344 2090 502 2168 Tempora.
547 2087 622 2149 Sunt
644 2088 746 2158 etiam,
769 2087 878 2166 quibus
900 2088 1001 2151 ultima
1019 2080 1134 2170 ¹syllaba
1156 2089 1302 2162 abundat,
1370 2090 1465 2170 {2233

345 2191 494 2270 Principio
517 2187 640 2251 alterius
662 2191 811 2251 connectit
833 2189 1028 2270 Hypermeter
1051 2188 1148 2255 illam:

345 2294 447 2354 ‘Omne
469 2293 545 2353 odeo
563 2308 659 2367 oenus
680 2292 712 2351 io
734 2293 823 2353 terras
843 2293 1049 2369 bominumque
1065 2293 1272 2370 ferorumque.

291 2415 329 2457 sos
343 2397 385 2456 Et
401 2412 497 2472 penus
518 2395 707 2469 oequmeum'.
730 2391 783 2454 sed
805 2393 883 2472 qnod
906 2391 981 2471 legis
1004 2377 1108 2457 ‘ariete
1128 2393 1251 2470 crebro’,
1308 2395 1467 2483 fimi*

344 2497 408 2558 Hoc
430 2494 712 2575 proceleumaticum
734 2493 860 2573 pedibus
882 2494 969 2556 docet
990 2494 1093 2558 addier
1114 2497 1186 2557 istis.

343 2599 369 2659 d
391 2599 477 2659 Disce
499 2596 579 2676 quod
602 2596 732 2672 augustis
754 2595 867 2657 haerere
890 2597 920 2657 iu
943 2594 1058 2675 legibus
1080 2596 1194 2676 amplos

344 2697 409 2760 Nou
433 2698 537 2759 deceat
558 2704 652 2758 vates:
675 2715 782 2775 magna
805 2699 902 2758 estin
924 2699 1056 2759 carmine
1077 2701 1170 2760 virtus
1335 2698 1466 2781 iffi*

344 2802 429 2880 Saepe
451 2800 518 2860 nori
540 2800 697 2878 quicquam
720 2800 802 2858 venia
824 2799 1009 2861 committere
1030 2799 1170 2870 bouesta,

291 2924 329 2964 sto
345 2902 429 2975 Quod
451 2901 566 2961 varium
589 2906 703 2961 ruentes
724 2898 870 2962 lectorum
894 2899 982 2961 ducat
1004 2907 1031 2960 et
1054 2919 1158 2963 aures:

345 3004 535 3079 ‘Fluojorom
551 3019 615 3062 -rex
637 3001 801 3063 Eridouos'
825 3002 907 3062 Maro
930 3001 1031 3063 dicare
1054 3010 1163 3080 posset.

344 3105 370 3164 (l
391 3105 613 3166 Pentametrum
635 3105 666 3163 in
688 3109 788 3182 partes
808 3103 902 3164 doceo
926 3103 1083 3180 disponere
1105 3102 1203 3165 binas:

342 3206 439 3267 Prima
463 3205 538 3265 duos
560 3205 686 3265 miscere
708 3205 799 3283 pedes
820 3203 909 3273 solet,
933 3204 1072 3284 huncque
1094 3204 1138 3265 vel
1160 3204 1242 3266 illum

343 3307 494 3375 Continet,
517 3314 550 3366 ut
572 3305 688 3367 libitum
711 3314 768 3374 est,
793 3306 901 3368 deliine
924 3305 1024 3369 ultima
1047 3305 1157 3387 syllaba
1179 3315 1284 3377 restat,

290 3428 327 3468 su
343 3407 480 3488 baetylos
502 3408 571 3470 iude
593 3405 700 3486 duplex
724 3408 801 3486 parti
823 3406 898 3468 solet
921 3425 985 3469 esse
1007 3408 1144 3468 secuudae

170 3627 315 3678 bacchium
333 3644 355 3678 s.
368 3628 558 3690 anddaccbiam,
578 3647 656 3689 -νν,
677 3633 705 3678 et
723 3627 768 3678 hic
781 3628 885 3678 inversi
898 3627 1001 3679 ordinis
1015 3633 1058 3678 est
1076 3632 1159 3692 atque
1177 3627 1321 3680 bacchius.
1368 3634 1462 3696 palam

169 3711 265 3776 baolius
283 3715 307 3762 1.
315 3716 341 3762 2.
349 3716 388 3764 19.
407 3712 611 3778 palimbacchius
630 3716 655 3764 4.
686 3721 688 3724 ’
709 3712 942 3777 Palymbaocbius
961 3715 1049 3763 1117.

236 3795 270 3828 ²⁰⁰
288 3796 373 3863 pedes
391 3798 459 3847 onais.
473 3801 498 3847 2.
552 3794 686 3863 immons]
705 3797 722 3848 i.
738 3813 761 3849 e.
775 3797 896 3864 longum.
916 3795 1046 3848 Ceterum
1058 3796 1181 3849 sedecim
1194 3797 1288 3863 figurae
1306 3814 1364 3848 rem
1384 3802 1462 3849 couti·

169 3879 246 3930 ciunt
268 3895 390 3932 omnem:
415 3881 542 3943 diiambi,
569 3881 725 3940 ditrochaei,
751 3881 931 3947 dipyrrhicbii
955 3879 991 3947 (s.
1015 3881 1285 3946 proceleusmatici),
1310 3882 1463 3950 dispondei,

98 4020 106 4028 ,
169 3964 337 4028 choriambi,
365 3966 529 4032 antispasti,
554 3967 707 4017 ionicorum
725 3965 851 4028 duorum,
881 3965 1054 4031 epitritorum
1072 3970 1217 4031 quattuor,
1242 3981 1369 4031 paeonum
1389 3974 1462 4033 quat·

169 4054 238 4100 tuor.
285 4048 319 4082 ²⁰⁰
332 4050 368 4100 ad
387 4066 496 4100 carmen
509 4049 632 4116 Homeri]
652 4052 834 4102 laexametram,
882 4049 916 4083 ²⁰⁰
928 4052 1132 4115 Uentbtmrtruttt
1145 4054 1202 4103 1.2.
1213 4055 1252 4102 11.
1271 4052 1353 4105 etsie
1366 4068 1392 4104 v.
1406 4051 1462 4104 312¹.

167 4132 211 4184 his
229 4137 269 4186 11.
327 4132 359 4166 ⁰⁰¹
380 4134 473 4201 elegia
491 4138 662 4187 1.11.17.19.
720 4134 753 4167 ²⁰¹
772 4134 896 4187 deotilou
915 4139 939 4185 2.
959 4135 1098 4200 dactylum
1117 4139 1141 4186 1.
1200 4134 1234 4168 ”⁸
1253 4135 1423 4203 Spoudaeiroj
1439 4140 1462 4187 1.

166 4215 201 4250 Μ
219 4215 370 4286 regionib]
387 4219 503 4284 pedibus.
561 4217 594 4251 ²¹²
612 4219 718 4271 dactile
736 4222 776 4271 19.
833 4218 867 4253 ²⁰⁸
887 4219 1038 4287 Spondseus
1057 4223 1082 4270 1.
1143 4217 1179 4252 ⁸⁰⁰
1200 4221 1281 4286 Verp.
1295 4219 1348 4270 ecl.
1362 4220 1461 4272 tutu

166 4299 199 4333 ⁸⁰¹
217 4303 247 4353 id
262 4307 432 4353 est-tow.
496 4302 530 4335 ³⁰²
547 4304 698 4368 diperdidit
717 4309 740 4354 1.
804 4303 837 4336 ⁰⁰⁰
860 4306 939 4370 Verp.
953 4320 1047 4372 georg.
1061 4304 1112 4356 111.
1126 4304 1184 4355 242.
1198 4320 1238 4370 sq.
1303 4303 1419 4357 Omnem
1436 4309 1460 4357 2.

167 4383 200 4418 '⁰⁰
218 4401 345 4452 mutarunt
366 4393 388 4440 1.
441 4371 527 4440 timisti
546 4387 652 4456 crebro]
676 4391 755 4454 Verp.
770 4389 959 4442 baalitae.
1022 4389 1056 4423 ⁰⁰⁰
1074 4389 1304 4457 proleumaticum
1322 4393 1353 4450 d,
1368 4406 1461 4457 proee-

168 4469 361 4523 leusmaticum
374 4477 413 4525 19.
466 4471 616 4538 ³⁰⁰berarc1.
669 4473 704 4507 ⁰⁰⁰
718 4473 874 4542 Quintilian]
888 4476 911 4525 1.
921 4474 946 4539 o,
954 4485 989 4527 tt.
1059 4475 1177 4526 Fabium
1191 4474 1461 4542 litteraFdeaipnare

87 4573 103 4586 ·
166 4571 302 4625 operarum
325 4561 428 4609 licentia
452 4561 543 4622 suerit.
566 4566 676 4609 ceteram
696 4567 783 4626 potest
801 4563 876 4611 etiam
895 4559 995 4621 Quintil.
1015 4561 1084 4610 lust.
1105 4576 1143 4611 or.
1157 4561 1179 4610 Ι.
1194 4560 1219 4622 o,
1233 4569 1323 4625 amq.
1347 4562 1463 4626 conferri

166 4637 200 4672 ⁸¹⁰
217 4639 395 4706 „Fluvjorum
414 4660 461 4694 rex
474 4644 612 4694 Eridanus
624 4659 791 4710 camposque
808 4662 859 4711 per
876 4649 995 4697 omues.”
1023 4647 1102 4711 Verp.
1117 4660 1210 4711 georg.
1223 4645 1245 4696 1.
1257 4644 1317 4697 483.
1354 4643 1388 4678 ⁸¹²
1406 4645 1461 4700 ee·

168 4725 292 4789 tbtnstrtl
310 4728 333 4774 1.
358 4728 391 4791 (U
408 4730 537 4779 miniatem
557 4730 721 4794 adpiupenda
742 4730 853 4791 relicta.)
905 4726 940 4761 ⁸¹⁰
957 4731 1075 4795 miluo
1095 4732 1118 4780 1.
1172 4730 1282 4792 intubi:
1304 4733 1326 4780 1.
