3294 5408
91 392 269 446 ADDENDA
281 393 330 444 AD
344 392 456 447 VOL.1.
469 391 621 446 ccxrrrrr‘,
634 408 775 445 sraorrrrar
788 408 825 444 an
838 408 952 446 cruror
965 408 1055 446 srrsr.
1068 409 1095 447 n.
1104 404 1220 446 trram.
1230 403 1292 446 tato.
1312 382 1384 453 547

160 564 226 628 Pap.
240 561 299 614 35⁴.
312 565 380 615 adde
398 564 552 630 Epistulam
570 564 686 615 Hearici
705 563 837 615 Stromcri
854 562 1006 616 durbachii
1029 564 1065 616 ad
1087 564 1233 618 Nicolaum
1257 567 1386 630 Demudt,

10 663 12 684 ¹
91 648 177 703 bunc:

10 724 12 772 Ξ
92 767 235 849 Q
608 751 871 827 CLXVIIH.*
1200 771 1370 822 r.1un.raro.

248 926 324 968 VIRO
346 925 539 968 nssvnmortn
562 926 697 967 PARI'I'ER
719 926 759 967 AO
782 928 865 969 Vl'l'AE
890 926 1105 968 snucsrmuum
1127 927 1229 970 (ΗΜΘ

519 1011 643 1068 burrum
665 1011 807 1068 muutao
829 1012 960 1068 ututur

198 1112 349 1155 mnarum
372 1111 594 1155 cesonroonvrr
615 1113 691 1154 sovr
713 1113 825 1154 orasis
848 1114 931 1155 aare
952 1113 1073 1155 nectara
1095 1114 1281 1158 rameosrro

591 1199 633 1239 ar
655 1198 892 1240 ancnroracono

280 1283 545 1343 amnannrssm
569 1283 757 1324 caanraams
780 1283 976 1325 aauvncracr
998 1283 1019 1331 a
1042 1283 1200 1327 conamus

381 1367 540 1425 HENlllCVS
563 1368 715 1424 struttt'tt
737 1368 942 1425 at‘assactttvs
964 1369 1102 1426 duutcvs

683 1470 707 1510 s.
724 1472 751 1511 r.
768 1471 800 1510 ι).

10 1604 19 1641 ¹
178 1605 207 1662 la
230 1605 357 1662 nundinis
379 1604 554 1679 bipsensibus
576 1607 721 1681 proximis.
744 1607 922 1663 disertissime
946 1606 1071 1681 idemque
1094 1607 1294 1681 sapientissime
1318 1607 1389 1664 Prae·

93 1690 199 1765 posite.
227 1689 378 1765 pollicebar
411 1691 458 1746 tibi
489 1691 609 1748 literaria
638 1692 808 1747 eruditorum
837 1692 977 1747 bominum
1006 1701 1194 1754 monumenta.
1223 1693 1246 1749 si
1275 1710 1329 1767 qua
1356 1693 1388 1749 ad

93 1792 145 1832 sos
167 1775 394 1851 adportat-entur.
424 1792 466 1831 rue
495 1778 650 1833 missurum.
695 1775 747 1832 Sed
774 1777 905 1833 hactenus
927 1785 1028 1851 praeter
1050 1793 1095 1838 ea.
1125 1795 1185 1852 quae
1208 1779 1307 1852 partim
1331 1778 1389 1852 ipse

92 1877 185 1917 coram
207 1861 313 1928 emisti,
335 1861 434 1934 partim
456 1879 470 1916 a
494 1878 535 1916 me
558 1863 639 1917 missa
662 1877 819 1936 acceperas.
843 1860 918 1917 nulla
940 1870 1005 1918 sunt
1027 1863 1145 1919 advecta.
1189 1862 1276 1918 Habes
1299 1871 1389 1920 autem

60 1945 238 2004 reductorum
260 1944 477 2019 eloquentissimi
500 1964 531 2002 ac
553 1946 739 2020 eloquentium
762 1947 913 2002 doctissimi
935 1946 1055 2009 Erasini,
1079 1947 1167 2003 doctae
1189 1947 1247 2021 pie·
1271 1944 1274 2025 Ι
1293 1962 1385 1999 rauna·

94 2030 160 2087 tatis
188 2031 398 2093 restauratoris,
428 2039 455 2087 et
479 2031 578 2087 Uirichi
602 2031 711 2087 liutteni
740 2033 841 2105 equitis
864 2033 988 2088 acerrimi
1011 2028 1176 2088 Germanica
1204 2031 1235 2087 li·
1260 2028 1263 2109 Ι
1289 2048 1388 2084 amaia.

94 2113 208 2171 ber-tatis
236 2118 450 2191 propugnatoris
478 2133 561 2172 novas
590 2115 801 2173 lucubrationes.
846 2116 951 2173 Pariter
978 2125 1007 2173 ct
1035 2134 1096 2191 quas
1122 2116 1267 2173 ediderunt
1294 2133 1390 2174 recens

93 2198 241 2256 lidibaldus
263 2200 462 2261 Pirctremcrus.
492 2201 629 2257 Fabricius
652 2201 764 2275 Capito,
792 2217 823 2256 ac
844 2200 986 2275 Philippus
1009 2201 1207 2264 ldelaaclrtbom
1235 2195 1389 2310 ΙΙἛᾞΝ

94 2283 276 2359 precellentis
305 2293 361 2342 tum
388 2286 566 2346 eruditionis.
601 2295 657 2343 tum
686 2286 851 2360 eloquentia.
879 2287 939 2342 riri.
977 2286 1075 2344 Verum
1102 2303 1137 2344 ne
1159 2287 1211 2344 boc
1253 2249 1378 2319 '‘¹¹3¹'‘'ffl

59 2371 228 2444 ”temporis
250 2370 367 2427 articulo
390 2370 458 2428 nihil
481 2371 513 2427 ad
538 2380 563 2427 tc
586 2373 705 2433 mittam,
736 2373 808 2428 bunc
830 2386 983 2427 sermonem
1006 2388 1094 2428 meum
1117 2373 1222 2446 accipe.
1252 2388 1340 2447 nuper
1363 2372 1389 2427 irr

93 2453 168 2510 Petri
190 2454 329 2512 llusellani
351 2455 551 2513 florentissimae
574 2457 656 2513 buius
677 2456 827 2513 Academiae
850 2467 952 2513 nostrae
974 2456 1154 2514 moderatoris
1181 2457 1285 2513 laudem
1309 2473 1391 2531 pane·

93 2539 181 2614 gyrici
203 2540 261 2596 rice
284 2558 299 2597 a
321 2558 363 2597 me
386 2541 517 2598 habitum.
561 2542 638 2598 llunc
661 2541 744 2597 nolim
767 2541 817 2597 tibi
840 2542 1004 2615 persuadeas
1031 2543 1131 2599 iccirco
1160 2543 1287 2605 missum,
1317 2542 1391 2616 quod

94 2624 200 2681 medam
224 2626 330 2699 ineptas
353 2643 425 2684 mcas
448 2644 535 2699 uirgas
558 2635 605 2684 trra
626 2627 743 2683 lectione
766 2626 846 2682 docta
869 2627 928 2682 iore
956 2625 1076 2698 dignas.
1093 2628 1140 2683 sed
1168 2635 1200 2682 ut
1228 2629 1326 2683 iterum
1350 2636 1390 2683 at·

95 2726 148 2783 que
171 2711 270 2766 iteruin
293 2726 352 2766 mea
373 2727 439 2784 erga
462 2720 488 2766 te
511 2710 682 2767 observantia
711 2727 765 2766 non
794 2710 842 2765 tibi
871 2718 991 2772 tantum.
1020 2711 1068 2766 sed
1090 2711 1178 2785 palam
1202 2712 1328 2768 omnibus
1351 2713 1391 2767 in·

59 2801 234 2855 sanotescat3
262 2793 358 2849 deimte
381 2802 411 2851 ut
434 2798 480 2868 qui
504 2811 545 2850 me
566 2813 657 2852 coram
681 2794 813 2850 dicentum
839 2795 1014 2856 audiverunt.
1042 2796 1211 2868 comperiant
1233 2795 1324 2850 eadem
1347 2813 1390 2851 mc

96 2876 130 2932 de
152 2876 265 2932 absente
286 2894 348 2950 quie
371 2878 397 2933 in
420 2886 581 2952 praesentem
604 2880 658 2934 diri
681 2894 853 2940 asseverare:
876 2887 1017 2952 postremo
1039 2887 1070 2934 ut
1093 2879 1165 2935 Petri
1188 2879 1244 2934 llo·
1268 2873 1390 2955 ifi·„2',?⁸‘'·

43 2977 48 2985 ·
96 2959 193 3017 aeliani
206 2961 240 3017 de
256 2960 343 3018 literis
359 2963 461 3036 pariter
476 2971 504 3019 et
519 2963 634 3020 literatis
657 2965 760 3036 optimc
781 2965 872 3020 meriti
891 2964 1006 3019 virtutes
1027 2962 1111 3036 vulgo
1134 2963 1200 3018 liant
1223 2966 1391 3038 perspectio·

10 3082 18 3115 Ι
96 3062 155 3108 res.
179 3047 287 3102 tametsi
310 3063 412 3121 paucos
434 3050 545 3104 omnino
569 3048 689 3105 silendos
712 3048 851 3110 mortales,
874 3048 974 3122 quibus
998 3049 1102 3104 invenis
1125 3049 1205 3105 buius
1227 3056 1255 3104 et
1271 3048 1390 3104 eruditio

10 3172 18 3209 Ι
96 3147 157 3187 rara
173 3131 329 3205 etprobata
345 3149 452 3189 morum
469 3133 611 3207 integritas
627 3149 675 3208 per
697 3135 786 3190 omnia
809 3134 846 3190 sit
869 3136 971 3207 ignota.
1016 3133 1145 3190 Proiecto
1168 3133 1312 3189 huicnibil
1337 3151 1391 3189 ma·

10 3250 18 3297 Ι
62 3218 143 3289 ,agis
165 3218 192 3272 in
214 3219 285 3274 votis
307 3226 363 3281 est,
394 3236 473 3293 quam
497 3219 657 3275 mortalibus
680 3218 805 3275 omnibus
828 3219 935 3293 quidem
964 3235 1014 3293 pro
1042 3235 1091 3274 sua
1113 3217 1183 3274 virili
1206 3218 1339 3292 prodesse
1361 3236 1391 3275 ac

10 3340 18 3387 p
98 3301 205 3374 optimu
226 3304 326 3376 cuique
347 3303 468 3378 plaeere.
491 3307 641 3379 prasertim
667 3304 730 3367 tibi,
758 3304 816 3360 viro
840 3312 870 3360 ut
892 3304 1068 3365 doctissimo.
1092 3306 1128 3360 ita
1151 3311 1180 3359 et
1202 3303 1391 3377 integerrimo,

10 3430 17 3471 Ι
96 3402 176 3460 quem
199 3386 296 3445 mirum
319 3391 347 3445 in
370 3390 478 3445 modum
501 3398 586 3452 ornat,
617 3389 709 3447 laudat
737 3399 764 3445 et
788 3390 929 3451 observat,
963 3398 1019 3445 tum
1042 3388 1078 3444 ob
1101 3387 1167 3445 alias
1190 3391 1307 3445 virtutes
1331 3397 1392 3445 tuas

10 3516 17 3552 Ι
96 3471 209 3535 multas,
239 3480 297 3530 turn
323 3490 389 3532 vcro
418 3477 532 3532 maxime
559 3476 595 3531 ob
624 3474 811 3537 sedulitatem,
843 3491 895 3549 qua
923 3475 1019 3531 niteris
1047 3473 1168 3531 (lucendo
1192 3481 1256 3529 tuos
1279 3472 1393 3529 reddere

96 3574 152 3613 nou
175 3556 264 3614 solum
286 3558 461 3617 humaniores
484 3560 689 3634 (laetioresque,
719 3559 765 3615 sod
794 3568 822 3615 et
844 3560 1010 3616 sanctiores:
1038 3559 1221 3633 nequeenim
1244 3566 1286 3614 sat
1309 3557 1392 3615 babes

60 3641 212 3716 sacollegii
228 3642 268 3700 tui
283 3647 428 3702 canonicos
451 3663 482 3702 ex
507 3655 533 3702 te
556 3646 678 3720 quotidie
701 3644 802 3718 aliquid
826 3643 934 3711 audire',
959 3644 1006 3701 sed
1029 3643 1084 3700 illis
1106 3642 1213 3719 plenius
1236 3643 1392 3700 erudiendis

10 3766 18 3811 p
97 3727 322 3803 Christopborum
344 3731 451 3797 lanum,
475 3731 611 3787 bominem
633 3730 727 3786 Latine
749 3747 780 3786 ac
802 3729 892 3787 Graece
915 3730 1057 3787 admodum
1078 3730 1188 3787 doctum
1211 3747 1280 3803 prae·
1302 3721 1307 3808 Ι
1330 3743 1392 3779 roo·
1418 3766 1422 3772 -

97 3821 236 3885 captorem
253 3814 278 3868 io
295 3824 372 3887 parte
388 3815 544 3878 adhibuisti.
569 3817 669 3890 quippe
692 3816 737 3889 qui
760 3815 901 3872 arbitreris
924 3815 984 3888 (nec
1008 3823 1048 3877 te.
1073 3832 1131 3872 rnoa
1154 3814 1260 3889 quidem
1284 3822 1393 3869 sentun-

98 3899 151 3960 tia.
180 3908 226 3954 trra
255 3898 325 3956 lallit
347 3899 452 3974 opinio)
481 3918 575 3957 rerum
597 3900 696 3957 Cbristi
718 3900 821 3957 cultum
844 3901 950 3974 magnis
973 3899 1098 3957 auctibus
1122 3908 1178 3955 tum
1202 3898 1308 3954 denium
1332 3915 1392 3954 cro-

99 3999 189 4044 scere.
222 4000 283 4039 cum
318 3986 430 4041 attentis
459 3985 671 4060 praecationibus
699 4003 835 4043 sacrarum
864 3986 1004 4042 liturarum
1034 3985 1151 4059 pericia,
1186 4000 1246 4057 quae
1277 3983 1392 4057 peteuda

62 4076 245 4141 insuggerat,
273 4069 438 4143 adiungitur.
483 4070 616 4145 intelligis
644 4081 734 4128 autem
764 4071 858 4146 plane,
888 4071 1036 4144 tbcoiogiae
1068 4070 1200 4126 studiosis
1222 4085 1276 4125 nou
1299 4068 1393 4125 utilem

99 4154 197 4215 modo.
222 4154 269 4210 scd
292 4164 320 4210 et
341 4171 521 4212 necessariam
544 4174 605 4213 usse
627 4156 711 4231 (quod
734 4165 761 4211 et
784 4157 861 4212 clivus
883 4157 1055 4228 Augustinus
1079 4153 1206 4227 testatur)
1238 4152 1395 4226 linguarum

675 4290 823 4298 ο*

10 4366 22 4407 ,
99 4334 283 4388 ΟΒΧῩΙΙΙΙ*.
314 4338 416 4403 atttriti
438 4339 586 4405 &trudmari
609 4337 734 4404 §urbemi
759 4340 855 4404 ueriti
875 4336 990 4406 Surdino
1013 4339 1211 4404 panegyricus,
1235 4337 1318 4386 Petro
1336 4334 1394 4386 llo-

99 4421 216 4484 lellnno,
242 4438 294 4488 qno
311 4424 315 4486 Ι
335 4424 380 4474 die
404 4424 546 4489 Liplenlis
568 4425 726 4475 dandamim
750 4426 852 4475 ilector
873 4424 877 4487 Ι
897 4424 1083 4489 proclamatus
1107 4423 1161 4484 cit,
1186 4421 1285 4471 dictus.
1322 4419 1391 4487 cuii

101 4506 212 4558 adiecta
237 4510 278 4559 ost
300 4510 390 4559 oratio
408 4509 485 4559 Petri
501 4508 505 4575 Ι
520 4509 677 4572 Mosellam,
702 4510 734 4559 de
754 4509 945 4573 Con-lcordin,
967 4508 1076 4573 plcrtim
1093 4503 1098 4571 Ι
1114 4507 1142 4555 in
1161 4505 1260 4556 lcbolis
1276 4506 1280 4569 Ι
1296 4503 1393 4571 publi-i

100 4592 141 4640 cis
156 4590 160 4653 Ι
176 4594 292 4658 tuenda,
312 4609 366 4660 qua
384 4594 515 4645 Stromcri
530 4592 535 4661 Ι
551 4593 731 4660 gratulationi
755 4594 883 4660 respodit.
900 4592 905 4657 Ι
921 4594 1033 4643 Libellus
1053 4592 1173 4654 discitis
1196 4596 1221 4641 ia
1240 4591 1276 4641 ⁴⁰.
1295 4596 1397 4642 coartat

101 4676 219 4741 (ripnatie
236 4679 334 4743 ΑΜΕ),
354 4697 457 4746 quorrun
474 4683 551 4745 primi
568 4681 694 4745 ultimique
710 4683 816 4745 papiam
834 4682 924 4728 alterae
942 4682 1113 4728 coercemur.
1132 4676 1163 4741 (r.
1178 4679 1194 4728 l.
1208 4684 1234 4727 et
1251 4677 1288 4741 a.)
1307 4674 1350 4740 aij
1370 4680 1397 4726 et

383 4765 455 4829 aiijr
474 4768 601 4815 continent
619 4767 751 4831 epistulam
769 4781 841 4831 quarn
859 4779 940 4829 capra
957 4763 1112 4814 caridemus.

1109 4845 1176 4909 35·
