3294 5408
115 394 233 432 ΙΠῖΙΙῙ
241 394 280 430 tn
289 391 575 429 GRSAEAXOELIMW!
586 394 620 430 VT
631 394 741 429 BELLVM
752 394 781 428 ln
793 394 917 429 VENB‘POS
929 394 1299 437 PBOSBQAEXHOBTATOBIVU·
1328 365 1399 437 157

312 547 415 609 Omnia
438 555 500 609 tota
523 549 619 609 rides:
642 567 726 609 snrne
749 568 830 610 arma
854 557 882 610 et
904 548 960 611 tela
984 569 1120 629 capesse:

261 668 299 710 aer
394 649 544 711 Debentur
567 648 669 711 laudes
690 651 746 711 hac
769 670 888 729 quoqne
911 659 994 729 parte
1016 651 1079 712 tihi.

311 751 382 810 Post
403 752 537 812 coniecta
560 751 629 812 otim
651 752 803 813 Romanus
826 751 902 813 belia
925 761 1044 813 senatus

396 852 527 912 Decrevit
549 852 673 914 ducibus
695 872 804 914 nomen
826 852 863 949 ai)
887 853 971 913 hoste
993 856 1069 920 suis,

310 956 405 1032 Atque
427 953 491 1013 aliis
514 952 630 1015 titulum
652 953 753 1034 Libyci
775 973 921 1033 peperere
943 955 1102 1034 triumphi,
1184 998 1187 1003 «

259 1075 298 1115 ns
393 1055 548 1116 Nonnullis
572 1056 672 1116 decori
695 1054 786 1117 Gallia
810 1057 882 1116 ricta
906 1056 974 1125 init,
1024 1102 1030 1111 .

311 1154 396 1216 Creta
419 1164 525 1235 potens
548 1155 610 1217 aliis
633 1164 662 1217 et
683 1155 761 1218 helio
785 1175 886 1235 pressa
910 1156 1084 1227 Corinthus,

397 1256 446 1320 nte
469 1260 529 1319 suis
552 1258 701 1329 Numidis,
723 1258 890 1319 Thracibus
912 1257 1090 1327 alterurn,

311 1357 450 1436 Quosque
471 1376 551 1437 aegre
573 1361 638 1420 sirit
659 1361 790 1421 Romana
814 1361 922 1420 iniuria
946 1359 1105 1439 Cynrbros.

261 1478 299 1518 rsa
395 1460 431 1520 lit
452 1461 489 1521 rte
510 1460 616 1522 Pellaea
639 1461 703 1521 laeta
726 1461 859 1539 tropinea
882 1461 986 1522 domo:

311 1561 347 1621 At
368 1561 421 1622 tibi
443 1565 494 1640 qui
516 1564 574 1623 iarn
596 1583 629 1624 se
652 1564 754 1624 mnndi
777 1570 865 1642 eaput
887 1581 951 1624 esse
974 1562 1132 1641 putabant,

395 1662 468 1724 Cum
491 1665 604 1734 vinces,
628 1673 743 1743 quantu
767 1666 886 1724 nomina
910 1662 1003 1725 laudis
1025 1665 1127 1727 eruut!

311 1763 335 1823 0
357 1771 404 1825 eat
426 1764 474 1825 ilia
496 1766 560 1826 dies
583 1784 663 1845 quae,
686 1766 711 1826 si
733 1765 810 1826 bene
831 1764 953 1842 colligo,
978 1767 1054 1826 iuxta
1078 1772 1137 1834 est,

258 1883 297 1924 ras
392 1863 454 1934 Oua
478 1866 530 1926 tibi
552 1867 589 1927 tle
612 1866 722 1929 Veneto
746 1868 808 1927 cire
830 1867 998 1945 triumphus
1020 1869 1090 1936 erit,

308 1967 371 2038 Qua
394 1968 484 2029 oiseis
506 1968 624 2029 deiceris
647 1971 730 2048 equis
752 1987 901 2048 curruque
924 1967 1053 2046 superbo

393 2068 461 2130 Post
483 2076 641 2130 ostentatas
664 2069 791 2149 lauriger
814 2070 868 2130 itis
891 2088 971 2148 opes.

309 2168 374 2229 Non
397 2189 451 2248 ego
474 2177 544 2231 tunc
566 2170 673 2231 solidas
696 2162 834 2232 tristabor
857 2174 886 2232 in
909 2171 992 2232 hoste
1016 2171 1154 2233 catirenas

260 2291 298 2331 reo
390 2254 605 2351 ¹rippensosquc
628 2273 717 2351 pedes
740 2272 953 2352 implicitasque
977 2290 1095 2341 manus:

309 2373 459 2434 Ducentur
481 2392 622 2452 proceres
644 2373 728 2436 urbis
749 2374 804 2436 sub
827 2375 953 2452 imagine
975 2381 1080 2441 tantm,

393 2475 439 2546 au
459 2482 508 2534 tua
531 2493 692 2556 pomposus
713 2476 843 2556 plaustra
867 2485 985 2536 senatus
1008 2482 1068 2543 eat;

308 2573 431 2639 lnsnitet
451 2575 553 2655 spoliis
576 2578 656 2638 dives
678 2578 835 2639 Germania
858 2576 957 2645 lectis,

259 2695 297 2736 roe
392 2677 541 2757 Plenaque
563 2681 620 2738 sint
642 2680 758 2740 Venetis
780 2680 877 2740 omnia
899 2679 1013 2740 divitiis.

309 2901 402 2956 Omnia
424 2911 481 2958 tnta
504 2903 594 2966 ridcs;
618 2921 693 2959 surne
716 2921 789 2961 arma
811 2912 839 2960 et
862 2903 914 2960 tcta
936 2919 1060 2976 capesse:
1080 2902 1094 2922 ⁸

259 2999 298 3041 aas
392 2986 514 3042 Debetur
532 2988 616 3061 foetes
637 2990 754 3061 lausque
775 2989 913 3060 decusque
934 2990 996 3043 tuis.

310 3069 397 3127 Oeat
420 3069 465 3126 ilia
488 3072 545 3127 dies
568 3091 641 3146 quoe.
665 3074 688 3129 si
713 3072 779 3129 bene
802 3076 942 3144 suspicor,
965 3072 1024 3136 ibit,

395 3153 450 3222 Qua
475 3155 523 3210 rint
546 3157 578 3212 ric
601 3159 703 3214 Veneto
724 3165 803 3233 pente
825 3158 978 3231 triumphus
1001 3157 1067 3217 erit,

311 3237 367 3306 Qua
391 3240 474 3296 niveis
497 3241 603 3297 duceris
626 3244 705 3316 equis
728 3259 865 3316 cornuque
888 3240 1007 3314 superbo

260 3336 298 3377 asa
392 3324 459 3379 Post
481 3334 631 3382 ostentatas
654 3326 773 3401 lauriger
796 3327 846 3382 ibis
869 3344 944 3401 opm.

310 3408 370 3465 Non
392 3426 443 3482 ego
468 3418 531 3467 tune
552 3412 679 3467 madidos
702 3411 833 3467 tristairor
856 3412 882 3467 iu
906 3411 984 3467 hoste
1007 3410 1148 3470 catirenas.

396 3496 593 3569 Appensosque
615 3497 698 3571 pedes
722 3496 920 3571 impiicitasqne
943 3510 1053 3555 turnus:

310 3577 446 3634 nocentur
467 3596 595 3651 proceres
617 3581 693 3637 urbis
716 3581 766 3636 sub
790 3581 906 3654 imagine
930 3588 1023 3639 tanto.

259 3674 299 3716 rso
394 3663 433 3719 Ari
456 3671 501 3719 tua
524 3681 673 3739 pomposus
696 3665 818 3740 plaustra
841 3674 951 3720 senatus
973 3672 1032 3726 eat;

311 3746 425 3804 tnsnltet
447 3749 542 3820 spoliis
564 3751 638 3806 dives
661 3749 801 3806 Germania
825 3748 916 3810 tectis,
1099 3804 1106 3819 ,

395 3832 531 3904 Plenaque
553 3837 609 3890 sint
630 3834 739 3891 Venetis
762 3837 851 3890 omnia
874 3833 985 3889 divitiis.
1341 3847 1397 3898 (rou

177 4042 210 4076 ⁷⁴³
227 4046 309 4095 Isooc
327 4046 385 4097 filio
402 4049 478 4098 Esou
496 4050 565 4100 dicit
584 4050 675 4100 ‘Sumo
694 4066 770 4100 arma
788 4055 850 4112 tua,
874 4049 1032 4114 pharetram
1057 4053 1085 4098 et
1108 4064 1202 4098 arcum
1220 4052 1249 4097 et
1266 4047 1399 4112 egredere

112 4127 203 4179 foras'.
224 4129 314 4180 Gener.
328 4131 441 4183 XXVII.
454 4132 478 4185 3.
548 4131 582 4166 ⁷⁴⁷
600 4136 724 4197 Africani
740 4135 891 4200 Scipiones.
961 4131 993 4164 ⁷⁴⁹
1014 4133 1127 4182 Creticus
1145 4132 1284 4182 Metellus.
1313 4131 1400 4182 θοήη-

110 4213 175 4262 tha'ue
191 4213 346 4265 Mummius.
410 4215 444 4248 ⁷⁵⁰
462 4218 607 4269 Numidicae
624 4219 763 4270 Metellus.
821 4219 931 4268 Tteaeu
954 4217 1003 4266 sub
1023 4216 1138 4266 Claudio
1160 4216 1304 4281 provincie
1322 4215 1400 4265 iacta

112 4302 161 4347 est.
216 4300 352 4349 Goetuticus
368 4301 511 4352 Lentulus.
564 4302 595 4335 ⁷⁵¹
617 4305 753 4354 &miricae
770 4303 885 4365 Murius,
904 4301 972 4363 „ille
992 4300 1154 4365 Iugurthino
1173 4300 1265 4350 clerus
1278 4298 1399 4349 Cimbro·

111 4396 162 4445 que
186 4383 350 4449 triumpho''·
379 4384 449 4434 Orod.
464 4387 543 4436 Pont.
557 4388 603 4437 1v.
617 4388 683 4447 3,45,
704 4389 896 4448 Germanicos,
921 4386 1087 4445 Francicus,
1111 4384 1245 4445 Raeticos,
1269 4382 1400 4433 Teutoni-

111 4479 165 4527 cos,
184 4466 356 4518 Vindelicios
376 4469 487 4534 aliaque
506 4473 565 4521 eins
583 4473 656 4523 modi
673 4475 792 4539 prudens
805 4472 911 4530 omisit3
930 4470 1072 4527 Arabicus,
1091 4468 1278 4528 Armeniacoe,
1298 4467 1401 4517 Asiati·

111 4565 170 4607 eos‚
194 4550 384 4613 Britannicos,
408 4555 578 4619 Hisponiros
597 4557 721 4622 aliosque
741 4557 799 4607 fere
823 4562 889 4621 quot
911 4570 1011 4619 regno,
1036 4553 1199 4617 provincius,
1224 4551 1305 4600 urbes
1328 4558 1398 4615 sunt,

111 4636 180 4683 sctis
199 4635 255 4684 ittts
274 4638 406 4702 exemplis
431 4639 575 4693 indicarit.
646 4640 678 4673 ⁷⁵²
697 4642 880 4691 :theodoricus
898 4639 1027 4689 Meteilus
1051 4637 1097 4686 illc
1122 4637 1202 4685 itiem.
1273 4633 1306 4667 ’ω
1324 4640 1400 4686 este·

110 4730 160 4766 nas
179 4722 254 4770 3...5.
