3294 5408
342 554 496 621 Sequentes
508 553 623 605 Heliani
641 553 856 615 lucubrationes,
877 554 966 603 oratio
985 558 1013 602 et
1032 569 1142 603 carmon
1160 552 1309 614 laeroicum‚
1330 568 1391 618 qum
1410 569 1464 604 non
1483 554 1570 605 solum

274 623 428 690 aequalibus
452 627 482 674 et
505 623 664 687 imperatori
687 624 741 687 ipsi
765 622 864 671 eximie
888 621 1062 686 placuerunt,
1087 622 1135 671 sed
1160 622 1243 670 etism
1268 622 1459 672 commentarii
1482 624 1572 673 iustsr

274 707 335 743 esso
354 698 468 757 possunt
486 706 548 740 oum
566 691 601 740 ad
613 692 789 740 Hutteniana
808 690 841 738 de
855 690 969 739 Venetis
987 690 1091 754 scripta
1109 697 1166 738 tum
1185 689 1221 738 ad
1237 691 1364 739 'carmina
1382 705 1443 754 qum
1461 693 1570 756 priami-

273 761 360 811 simus
378 759 545 825 explicanda
564 766 591 809 ct
610 757 795 812 inlustranda,
815 772 867 806 non
887 757 968 807 debui
987 773 1041 806 nou
1060 758 1193 822 recipere.
1230 757 1396 807 Prodierunt

342 830 364 878 l.
382 846 418 872 =
434 827 571 877 Ludouici
589 825 702 876 Heliani
726 825 909 875 Vercellensis
933 824 1173 890 Christianiisizlmi
1196 825 1327 887 Franooa
1349 826 1435 890 Regis
1454 826 1569 877 Senato-

273 896 323 946 ris:
345 910 379 946 so
402 896 521 946 oratoris
539 894 572 944 de
589 892 683 960 lbello
708 893 854 959 suscipiedo
879 894 1008 942 aduersus
1025 893 1190 942 venetianus
1208 893 1232 943 tr
1250 891 1366 959 Turlcas
1389 895 1490 954 oratio,
1511 895 1570 944 Ms-

273 962 419 1014 ximiliauo
444 962 578 1028 Augusto,
603 962 631 1011 in
656 959 785 1026 consultu
807 959 1308 1026 Prstulilfflrincipumffllectoa:lt
1331 961 1476 1011 ciuitatum
1496 959 1501 1028 Ι
1518 964 1569 1012 lto-

273 1032 349 1082 msui
373 1031 412 1081 lm
433 1029 484 1080 orii
506 1030 582 1080 dicta
604 1031 632 1079 in
655 1030 777 1094 Augusta
799 1028 942 1079 uindelica
957 1028 961 1088 Ι
977 1028 1041 1080 llll.
1055 1028 1120 1077 Idus
1137 1028 1250 1094 Aprilis.
1273 1029 1352 1079 Anno
1376 1045 1393 1078 a
1416 1035 1498 1094 partu
1516 1032 1570 1081 vir-

273 1099 346 1165 ginis
364 1047 856 1163 Milllslimoquiugentelimodecimo.
873 1095 877 1159 Ι

343 1167 449 1217 Constat
466 1165 564 1216 libettus
577 1169 609 1216 te
625 1167 697 1229 soliis
709 1167 734 1215 t'n
748 1165 784 1214 4⁰.
803 1166 888 1215 rrttima
905 1165 1001 1229 popina
1018 1181 1035 1213 o
1053 1165 1184 1227 scriptura
1201 1171 1291 1221 roem:
1309 1168 1335 1215 in
1351 1169 1499 1229 poenuttt'ora
1510 1174 1570 1231 post

340 1237 374 1285 ts
396 1249 484 1284 nerstu
506 1235 614 1298 tepitur:
637 1233 796 1299 impressum
815 1234 936 1298 Auguste
955 1231 1142 1295 Vindelicoap.
1167 1248 1217 1297 per
1233 1234 1270 1282 Μ.
1285 1233 1417 1283 Ioannem
1432 1233 1437 1295 Ι
1452 1235 1568 1285 othmsr.

340 1300 556 1419 {palifrefflbll
579 1305 673 1366 iunctp
692 1300 794 1366 Vrt'ulp.
818 1301 860 1350 cis
877 1301 974 1350 Licum
994 1299 999 1361 Ι
1019 1300 1097 1349 Anno
1121 1299 1215 1350 salutis
1232 1299 1352 1365 humans
1370 1297 1428 1368 [stc]
1448 1300 1484 1350 lt.
1493 1303 1526 1352 D.
1534 1303 1567 1352 Χ.

359 1384 386 1418 ro
461 1404 468 1418 .
513 1385 560 1418 au.

407 1435 530 1486 amnuit
546 1439 655 1501 epistula
673 1442 711 1487 est
729 1439 756 1486 ia
773 1451 866 1487 auerso
882 1437 959 1500 primi
972 1435 1033 1497 solii
1048 1437 1158 1500 popina:
1183 1439 1219 1486 23
1237 1443 1373 1502 sequentes
1395 1440 1505 1502 popinas
1527 1454 1569 1487 oc-

339 1511 417 1570 cupat
432 1507 531 1562 oratio,-
545 1508 706 1570 posteriores
722 1512 779 1556 octo
797 1519 908 1556 carmen.

340 1576 367 1625 2.
379 1593 414 1617 =
426 1572 527 1623 Rerum
541 1573 767 1624 Germanicarum
780 1573 930 1637 scriptores
943 1587 977 1622 ex
996 1570 1063 1620 bibl.
1078 1570 1193 1620 Frclreri
1213 1587 1268 1622 cur.
1282 1572 1314 1621 B.
1326 1571 1357 1622 G.
1370 1572 1488 1622 Stravio.
1503 1579 1567 1623 torn.

271 1641 308 1692 11.
322 1641 466 1707 Argentor.
481 1639 616 1691 1717.i01.
630 1657 713 1706 pagg.
727 1638 868 1692 522...5³o.

339 1709 474 1759 Maiorem
492 1709 624 1758 orationis
642 1714 748 1773 partem
768 1709 883 1758 dederat
902 1708 987 1757 otiam
1000 1706 1169 1757 'trithemius
1182 1708 1210 1756 in
1224 1707 1361 1758 Chronico
1374 1709 1569 1773 Hirsaugieusi

272 1776 310 1839 (8.
326 1775 400 1828 Gelli
421 1774 948 1842 toso.t01.t0m.11.pagg.oot...ose.)
968 1778 997 1823 et
1015 1791 1048 1824 cx
1065 1773 1117 1823 hoc
1340 1820 1342 1825 .

340 1843 489 1895 Goldsstus
507 1844 581 1894 inter
598 1843 718 1894 Politice
737 1844 902 1909 imperialia.
921 1843 965 1894 Fi.
982 1840 1054 1892 1614.
1070 1841 1116 1891 fol.
1130 1858 1212 1907 pagg.
1227 1840 1364 1894 978...982.

340 1912 428 1963 Liber
447 1912 482 1962 sd
500 1927 580 1977 quom
599 1912 759 1962 Fridericus
772 1913 812 1963 Le
825 1913 893 1962 Bret
911 1908 1147 1980 (minottgeidridrte
1166 1912 1207 1962 tu
1219 1907 1345 1972 fficaubtil
1356 1909 1480 1981 densita.
1500 1910 1568 1981 ffiipo

274 1978 348 2032 1⁷⁷5.
367 1979 403 2032 4⁰.
417 1979 453 2030 IL
467 1979 492 2032 ².
505 1997 531 2045 p.
544 1977 617 2042 952.)
637 1980 758 2042 rettulit,
782 1980 849 2029 mihi
874 1979 908 2028 sd
933 1994 1029 2028 manus
1052 1993 1107 2027 nou
1131 1984 1181 2027 est.
1218 1978 1312 2028 Verba
1336 1980 1394 2029 eius
1412 1979 1473 2030 haec
1492 1985 1567 2029 sunt:

272 2045 587 2101 nazaraenorum
611 2046 663 2099 unt
686 2047 751 2109 teitu
770 2047 876 2112 tustra
899 2046 977 2100 uitet
995 2044 1120 2114 tertiig:
1145 2045 1183 2098 bie
1200 2043 1316 2110 timonio
1336 2046 1349 2099 b
1373 2047 1424 2100 unt
1449 2047 1503 2100 eius
1522 2049 1569 2102 tir:

272 2114 405 2184 meinung
424 2128 458 2168 on
477 2113 515 2167 tie
533 2112 730 2179 ileidilliritcn,
755 2114 792 2169 tie
811 2114 964 2170 tinctiones
988 2115 1078 2168 mittet
1102 2112 1130 2166 iu
1154 2113 1200 2166 beu
1224 2112 1300 2175 tritta
1319 2060 1407 2169 &tout
1427 2128 1508 2168 otmtr
1527 2116 1568 2178 ii:

272 2181 491 2249 instructilis
515 2180 622 2246 libica,
646 2180 705 2245 steht
728 2181 756 2236 iu
780 2185 834 2236 bem
852 2183 976 2252 antiope
1001 2184 1040 2234 ter
1065 2179 1260 2245 neuetiouiidrcu
1279 2180 1413 2246 &timidus
1438 2183 1480 2236 tce
1499 2183 1568 2238 ltin:

272 2248 388 2313 tinient,
407 2251 465 2311 nodi
484 2251 525 2305 tu
543 2249 719 2331 &teotburpct
737 2251 863 2320 mitigate,
882 2261 907 2303 u.
921 2251 951 2317 3.
968 2248 1060 2302 tetta

340 2319 410 2380 Ques
428 2318 582 2369 adiecimus
601 2334 734 2379 carmina,
755 2319 950 2379 Bobelianum.
971 2317 1128 2380 Querelam,
1149 2322 1178 2367 et
1196 2317 1272 2367 aliud
1290 2319 1385 2368 nescio
1405 2320 1497 2379 cuius,
1518 2320 1569 2369 Co-

271 2386 457 2437 hortetionem
475 2385 647 2446 Germaniae,
666 2388 773 2452 reecpit
792 2389 875 2437 ctiam
896 2387 1021 2436 Struuius
1038 2385 1057 2434 l.
1073 2402 1096 2435 c.
1110 2401 1193 2451 pagg.
1207 2384 1265 2435 sot.
1279 2400 1319 2450 sq.
1356 2387 1476 2436 Primum
1495 2393 1569 2437 tran-

272 2455 373 2520 scripsi
392 2470 426 2506 ex
437 2453 651 2505 Bebellsnorum
671 2471 782 2521 operum
801 2455 925 2520 exemplo
944 2455 1015 2519 quod
1033 2453 1135 2518 prodiit
1154 2452 1269 2503 ‘l‘horce
1284 2454 1312 2502 iu
1325 2454 1431 2504 aedibus
1443 2453 1568 2518 Thomael

272 2521 411 2573 Antlrelmi
434 2521 567 2572 Badensrs
583 2519 587 2585 Ι
602 2522 680 2572 Anno
698 2524 820 2574 stola.
838 2523 842 2587 Ι
858 2524 949 2573 Mense
972 2517 1110 2587 Aulguito.
1127 2521 1182 2582 14⁰.
1207 2522 1249 2570 Dc
1273 2528 1388 2586 utroquo
1412 2522 1473 2572 lucc
1493 2523 1569 2573 Stru-

273 2591 335 2640 vius
353 2589 372 2640 l.
386 2606 410 2642 c.
444 2588 522 2641 tot.
541 2589 593 2650 „In
612 2590 665 2640 fine
685 2591 831 2641 subiicitur
848 2591 964 2641 Henrici
983 2589 1092 2639 Bcbclii
1111 2589 1233 2650 Querela
1253 2589 1424 2650 Germanias,
1449 2590 1484 2641 ad
1508 2592 1568 2640 uni·

271 2672 392 2718 „versos
437 2657 568 2708 ermenius
591 2659 744 2723 principes,
770 2659 841 2723 quod
864 2659 967 2709 bellum
985 2657 1171 2708 Maxirniliani
1195 2663 1292 2706 contra
1311 2659 1431 2707 Venetos
1454 2673 1508 2708 non
1528 2659 1569 2708 iu-

272 2729 376 2787 ,‚veut‚
405 2725 518 2790 aliaque
541 2726 570 2775 in
593 2726 679 2775 simili
706 2742 806 2776 caussa
832 2727 988 2776 cohortatio
1013 2725 1178 2774 Germanice.
1215 2725 1308 2774 Prima
1334 2725 1413 2775 huius
1436 2726 1568 2776 Historia

273 2790 458 2858 „lliichaelie
475 2792 602 2844 Coscinii
620 2793 807 2859 Tubingonsis
830 2795 863 2844 dc
882 2794 955 2844 bello
973 2793 1157 2843 Maximiliani
1181 2795 1245 2857 imp.
1266 2807 1326 2842 cum
1345 2794 1461 2844 Venetis
1479 2800 1568 2860 gesto,

272 2876 372 2924 „anno
389 2859 538 2928 mont]
565 2862 651 2912 editio
677 2861 780 2912 litteris
808 2862 895 2912 adhuc
921 2860 1132 2911 monachalibus
1157 2861 1209 2909 luit
1233 2867 1350 2910 exarata
1372 2862 1431 2911 sine
1455 2861 1517 2912 loeo
1542 2868 1570 2913 et

271 2943 369 2992 „anno
388 2929 579 2995 impressionis
597 2929 686 2979 forma
698 2931 803 2980 maiori.
827 2930 891 2981 Alia
910 2945 972 2980 oum
985 2929 1126 2980 Coriolani
1144 2928 1276 2993 Copiouis
1289 2929 1426 2979 Dalmatio
1445 2930 1479 2980 do
1492 2930 1569 2981 Petri

271 2996 436 3058 „Moccnici
459 2998 633 3063 imperatoris
657 2999 745 3063 gestis
762 2998 865 3064 prodiit
887 2998 1007 3048 Basilooe
1033 2996 1106 3046 1544.
1125 2995 1170 3045 8.'’
1189 3024 1221 3031 —
1241 2996 1434 3047 Germanicum
1457 3013 1570 3048 carmen

272 3064 343 3128 quod
362 3064 518 3116 addidimus
538 3081 571 3115 ex
589 3064 685 3116 libello
704 3066 806 3131 saepius
825 3069 881 3115 ism
895 3065 1035 3116 nominato
1048 3062 1178 3127 Uenetiam
1191 3062 1313 3129 titreaita
1331 3065 1504 3132 desumptum
1518 3072 1568 3117 ost.

709 3237 826 3296 1ΑοοΒ
834 3237 881 3295 VS
912 3238 1077 3295 BANNICI
1083 3237 1129 3293 VS

747 3335 767 3373 A
782 3331 937 3374 asserere
950 3329 1095 3372 secueris

652 3402 884 3454 STEPIIANO
913 3402 1184 3453 I’ONCHIEIlIO
1206 3362 1212 3374 ι

665 3484 887 3524 rersasuorssrtro
898 3483 1015 3522 smscoeo
1029 3483 1171 3522 rrarsrsust

859 3544 979 3582 saturer.
1578 3540 1590 3576 5

355 3607 506 3662 Mdorieas
520 3607 670 3680 Hetmnus,
693 3611 741 3682 pai
761 3609 1023 3666 nCtrristiauissimo
1038 3610 1214 3665 Francorum
1231 3610 1307 3682 Repe
1325 3616 1413 3665 rastro
1432 3610 1477 3664 tric
1492 3611 1571 3682 apud

269 3692 474 3748 invictissimum
503 3692 642 3749 Caesarem
672 3700 797 3749 nostrum
823 3702 961 3750 oratorem
992 3697 1061 3766 opit,
1092 3695 1189 3750 latuit
1213 3698 1363 3749 arationem
1385 3695 1419 3748 de
1447 3694 1569 3764 Caesare,

263 3776 431 3848 proceritas
459 3777 658 3851 Germanisque
685 3780 810 3834 omnibus
836 3779 968 3836 aduersos
1003 3779 1165 3835 Venetianos
1190 3796 1225 3834 ac
1254 3779 1362 3835 Terens
1389 3780 1569 3846 concitandis,

269 3862 359 3932 deque
377 3861 502 3932 factiosis
520 3863 681 3933 quibusdum
701 3867 845 3920 concilium
866 3881 901 3919 ac
918 3867 1119 3921 sanctssimam
1131 3853 1291 3940 principum
1307 3864 1569 3936 confoederationem

268 3947 473 4016 interrumpere
491 3947 652 4004 conantibus
672 3950 894 4021 comprimendis.
939 3967 995 4005 rma
1023 3952 1132 4006 memini
1156 3951 1256 4005 audire
1278 3964 1367 4021 neque
1389 3951 1479 4022 tepere
1501 3968 1565 4004 oro·
1580 3969 1602 4007 ro

268 4032 367 4086 tionem
399 4037 495 4086 nostro
524 4038 681 4104 tempestate
704 4037 864 4106 priscorum
893 4041 1034 4090 oratorum
1060 4036 1206 4108 facundiae
1228 4036 1349 4106 propius
1381 4035 1569 4090 accedentem.-

268 4132 334 4171 nam
355 4115 409 4170 tras
430 4118 569 4184 nationes,
593 4121 715 4174 maxime
736 4128 826 4175 nutem
848 4119 987 4176 Coesurem
1008 4123 1098 4192 ipsam
1120 4120 1159 4174 od
1177 4121 1207 4174 id
1222 4122 1276 4175 iam
1295 4119 1390 4174 oettum
1410 4119 1569 4175 incanten-

267 4192 319 4255 tem
340 4217 396 4257 non
418 4202 562 4256 delectauit
582 4204 661 4258 modo
679 4210 761 4276 utque
779 4208 928 4274 commorit,
950 4206 1000 4260 sed
1020 4207 1100 4260 etiam
1118 4205 1214 4276 offecit
1232 4212 1258 4259 et
1276 4204 1411 4260 adversas
1425 4205 1488 4260 ittos
1501 4221 1568 4277 pen·

268 4292 308 4341 tes
328 4303 472 4342 armorum
496 4287 600 4344 ardore
621 4287 792 4344 veliementer
813 4291 993 4361 inflammavit
1013 4308 1048 4345 oc
1067 4293 1187 4347 omnium
1208 4292 1432 4344 concursantium
1454 4297 1570 4346 conatus

264 4370 414 4443 pertrepit.
460 4371 557 4428 Coesor
578 4375 672 4442 votuit,
694 4381 724 4429 ut
743 4377 956 4446 impressoribus
977 4376 1120 4431 ederetur.-
1147 4390 1196 4447 epo
1223 4376 1304 4430 sicrdi
1325 4374 1397 4429 dieto
1419 4382 1473 4444 est,
1503 4392 1568 4446 quoe
1581 4391 1602 4428 n

266 4462 341 4510 certe
363 4464 581 4528 extemporanea
602 4465 656 4525 est,
684 4476 739 4530 pro
768 4475 802 4514 eu
824 4477 886 4531 puoe
903 4460 971 4515 mitri
991 4468 1077 4516 tecum
1099 4467 1139 4515 est
1156 4462 1248 4538 pratia
1271 4465 1353 4529 atque
1369 4461 1568 4530 familiaritate,

267 4554 329 4595 eam
349 4541 388 4596 ad
409 4548 433 4597 te
455 4546 541 4607 mitto.
560 4558 639 4616 quem
660 4547 716 4599 seio
735 4544 788 4599 troc
809 4546 917 4601 dicendi
935 4560 1038 4617 penere
1059 4545 1192 4600 delectori
1212 4552 1238 4599 et
1255 4544 1362 4615 pottere
1376 4551 1402 4599 et
1416 4546 1569 4616 plurimum

263 4639 358 4696 posse.
392 4625 460 4681 tene
481 4629 549 4683 vale.
583 4643 622 4684 aa
641 4630 765 4701 Aupusta
788 4629 928 4686 Vindelico
953 4629 1010 4685 Cat.
1027 4629 1122 4685 Maiis.
1139 4629 1180 4686 M.
1188 4629 1223 4684 D.
1234 4630 1271 4684 X.

336 4770 346 4802 ⁸
366 4773 592 4825 confederatione
610 4779 633 4825 t.
688 4774 709 4807 ¹⁸
727 4776 813 4826 secuti
831 4780 855 4827 1.
