3294 5408
167 400 240 471 464
278 429 370 464 ΒΡΙΕΤ.
380 428 521 465 VDBLOMG
532 428 639 465 GYHBBI
650 428 752 464 evuli
762 428 798 463 D!
808 427 1028 463 ΕΠΒΜῙΒΒΟΒ.
1037 428 1162 463 ΙΝΤΠΙΜ
1172 429 1212 463 ΕΤ
1223 429 1335 465 GRVH·
1344 429 1483 467 δίδωθι.

164 588 245 646 labiis
272 588 459 645 contaminare
488 596 571 661 atque
599 587 662 643 lanic
695 585 794 644 fabulae
822 586 937 642 miseere
961 587 1031 642 fraud
1054 588 1157 645 veritus
1180 604 1227 652 esc
1260 588 1351 661 digna
1386 587 1481 661 lingua

166 692 226 748 quae
248 681 303 730 tam
320 672 462 730 execrandi
484 672 615 729 mendacii
639 671 765 728 omnibus
788 671 941 744 forpicibus
963 688 1070 745 posnam
1093 679 1121 727 et
1144 690 1227 746 quam
1244 672 1381 729 ocissime
1404 672 1480 729 luat:

166 758 280 816 hoccine
302 758 369 814 satis
392 757 480 813 bonos
502 758 629 814 damnare
645 757 883 813 innocentissime?
906 757 987 812 etiam
1008 757 1128 813 criminis
1144 758 1184 813 tui
1200 758 1297 815 socios
1314 757 1479 814 ementiaris

98 859 198 910 §.tuac
220 851 362 918 patronos.
385 840 470 910 (liram
492 842 539 899 diu
559 842 720 916 quiescetis.
750 841 891 897 iustissimi
916 851 943 897 et
966 841 1047 901 iidem
1068 842 1298 899 Christianissimi
1322 843 1479 900 Germamre

167 928 313 1003 proceres?
347 927 475 1000 quamdin
503 927 591 984 bonos
620 929 647 983 in
674 927 801 982 universo
830 927 931 984 mundo
959 935 1048 982 restra
1070 926 1159 999 gloria
1185 926 1374 984 fraudabitisi
1413 943 1498 1002 quaes

168 1013 275 1087 quidem
298 1013 364 1074 erit,
398 1012 421 1066 si
450 1013 518 1068 lianc
545 1012 634 1067 onirris
661 1012 771 1067 virtutis
799 1019 827 1066 et
849 1011 980 1067 bonitatis
1003 1014 1174 1086 serpigenam
1205 1020 1233 1068 et
1254 1011 1314 1069 alte
1337 1012 1476 1068 sidentem

167 1098 299 1154 maculam
331 1096 521 1171 publicamque
549 1093 708 1153 Christianae
750 1095 891 1169 religionis
923 1106 1027 1171 pestem
1056 1096 1089 1152 ab
1118 1097 1192 1152 omni
1215 1095 1380 1159 Germania.
1420 1098 1476 1153 imo

168 1182 296 1240 universo
320 1191 456 1238 terrarum
478 1181 545 1237 orbe
567 1182 752 1237 excutiendam
775 1182 944 1237 curaveritis.
982 1181 1034 1238 Sed
1057 1183 1217 1257 priusquam
1239 1182 1313 1238 istos
1335 1181 1413 1238 male
1434 1181 1476 1238 lo·

167 1275 282 1343 quantes
310 1266 379 1323 male
408 1267 480 1340 apud
508 1284 557 1322 vos
586 1266 681 1323 audire
704 1274 843 1340 optarem,
876 1266 982 1322 mallem
1012 1284 1117 1323 omnem
1146 1266 1227 1323 buius
1255 1266 1349 1340 impias
1381 1283 1474 1324 scena

167 1351 285 1409 fabulam
307 1369 365 1427 prae
388 1350 476 1408 oculis
498 1353 596 1407 restris
618 1368 699 1407 cavea
721 1352 845 1408 eductam
868 1369 1015 1426 apparere;
1050 1351 1123 1426 quod
1145 1351 1317 1409 commodius
1340 1351 1506 1408 futurnmro

166 1437 298 1498 arbitror,
331 1437 355 1492 si
378 1453 435 1492 rem
458 1453 580 1499 omnem,
616 1445 646 1492 nt
674 1435 707 1493 ab
738 1437 780 1491 liis
803 1435 971 1492 infelicitatis
999 1435 1221 1494 contentionibus
1243 1438 1399 1494 commissa
1421 1445 1474 1499 est,

98 1522 255 1578 cunutus
278 1538 438 1595 prosequar.
471 1521 638 1594 ldoguntiam
668 1521 729 1576 inde
757 1521 857 1577 sensim
886 1538 1016 1577 venenum
1045 1523 1096 1578 froc
1123 1538 1183 1577 sese
1211 1522 1364 1595 promovit.
1396 1522 1473 1579 dictu

166 1624 222 1663 non
245 1615 287 1662 est
309 1624 362 1679 qna
386 1605 531 1663 insolentia
553 1606 687 1662 alleander
709 1606 822 1667 furimus,
846 1606 1007 1663 Romanensi
1031 1606 1125 1663 fraude
1148 1605 1251 1679 ligatus
1274 1614 1305 1663 et
1326 1606 1475 1680 pedieato·

166 1709 225 1748 rum
249 1691 369 1752 fecialis,
394 1691 487 1747 urbem
510 1694 652 1764 ingressus
675 1691 772 1747 cristas
796 1692 935 1765 surrigere
957 1695 1083 1765 emperit,
1114 1690 1237 1764 trophaea
1267 1691 1322 1747 iam
1354 1701 1417 1748 turn
1447 1692 1474 1748 in

166 1776 216 1833 hac
239 1785 331 1832 sancta
360 1775 428 1832 urbe
456 1776 489 1832 de
511 1785 606 1833 nostra
629 1776 761 1847 servitute
792 1776 867 1832 tliolo
890 1775 1019 1849 suffigere
1041 1777 1167 1849 cupiens;
1198 1774 1304 1832 clerum
1328 1776 1506 1851 principium

165 1869 194 1917 et
215 1860 328 1934 longum
350 1868 513 1935 mystrarum
538 1861 657 1917 ordinem
692 1861 772 1917 statis
794 1861 955 1917 ceremoniis
988 1869 1016 1918 et
1045 1878 1095 1917 sno
1122 1860 1253 1920 caudore,
1289 1869 1321 1916 ut
1344 1863 1475 1919 sanctior

165 1945 270 2020 populo
294 1947 349 2002 liae
373 1946 495 2019 tyrannis
519 1945 724 2019 suspiceretur.
749 1946 844 2003 adesse
860 1945 960 2008 voluit;
984 1945 1124 2002 literarum
1146 1944 1294 2018 collegium
1318 1948 1475 2020 populum·

165 2048 219 2105 que
241 2032 397 2087 universum
419 2029 493 2087 nulla
517 2031 698 2092 humanitate,
722 2031 767 2087 sed
784 2049 835 2087 suo
852 2031 988 2106 quodam,
1012 2040 1042 2087 ut
1058 2030 1176 2105 putavit,
1199 2024 1250 2106 iul
1271 2047 1325 2087 nos
1349 2031 1474 2107 imperio

165 2114 294 2173 invitavit.
317 2115 402 2189 Pape,
426 2116 454 2170 in
471 2133 550 2189 quain
567 2116 704 2172 fortunam
730 2132 773 2172 res
796 2117 853 2173 irasc
868 2116 980 2172 ltornani
1004 2117 1046 2172 dei
1069 2123 1169 2190 praeter
1191 2131 1271 2188 qnam
1296 2126 1475 2191 speraverat,

164 2199 330 2256 declinabatl
366 2200 412 2274 qui
441 2201 512 2256 enim
537 2201 702 2276 triumphum
726 2201 860 2266 instituit,
894 2202 927 2257 de
955 2210 1049 2257 nostra
1078 2201 1166 2274 patria
1192 2199 1311 2273 praedam
1334 2202 1510 2275 speraritao

165 2284 237 2340 inter
258 2284 368 2342 calones
390 2285 433 2341 rin
455 2286 617 2341 nostratium
640 2286 764 2342 manibus
787 2286 896 2360 elapsus
919 2287 1025 2342 erraretis
1053 2285 1086 2342 de
1107 2302 1137 2341 sc
1167 2284 1402 2358 pudentissimum
1436 2287 1476 2344 fa·

167 2368 258 2426 bularn
280 2369 369 2426 dedit:
392 2365 486 2432 nemo'.
510 2370 710 2433 mediusfidius,
741 2371 834 2428 aderat
856 2370 902 2445 qni
926 2370 1187 2445 quaestuosissimam
1215 2369 1303 2427 ltalici
1326 2372 1477 2429 venatoris

96 2455 302 2513 bruinsaniam
323 2471 379 2511 non
402 2455 517 2518 rideret,
540 2472 595 2512 non
610 2456 790 2512 subsannaret
805 2465 832 2512 et
848 2455 929 2529 pleno
951 2456 1083 2512 cachinno
1106 2464 1332 2528 prosequeretur.
1358 2465 1392 2513 at
1415 2456 1476 2515 leve

166 2540 274 2614 quidem
303 2541 369 2601 hoc,
398 2539 532 2614 palantem
562 2541 643 2596 etiam
669 2559 719 2615 per
749 2540 843 2616 templi
872 2558 962 2598 aream
990 2539 1134 2613 solumque
1162 2539 1319 2596 effeminati
1350 2542 1476 2599 vestitus

164 2625 248 2682 cauda
271 2633 298 2681 et
320 2623 404 2698 longo
427 2633 546 2700 syrmate
568 2635 721 2682 verrentem
745 2626 771 2680 in
795 2625 867 2682 latus
890 2626 996 2699 qnidam
1013 2633 1179 2699 pungentes,
1202 2623 1313 2681 lacertis
1337 2625 1368 2682 in
1395 2642 1510 2685 ansatas

165 2710 279 2767 fonnem
302 2709 403 2767 exertis
424 2709 487 2767 loco
511 2711 669 2773 trudebant,
693 2710 738 2768 alii
760 2730 775 2767 a
799 2711 889 2767 fronte
911 2711 1099 2773 rhinocerota,
1122 2711 1189 2767 asini
1212 2708 1354 2766 auriculas
1380 2720 1414 2768 et
1435 2714 1476 2770 ci·

164 2796 257 2851 ennias
279 2796 436 2870 pinserunt,
460 2796 559 2869 reliqui
583 2797 681 2852 tunicae
703 2796 815 2853 oaudain
838 2796 964 2853 calcaneo
980 2795 1110 2852 remorati
1125 2792 1325 2868 lapsabundum
1349 2796 1476 2854 subsan-

165 2888 278 2944 narnnt;
301 2879 426 2937 nonnulli
449 2889 597 2937 scommata
619 2890 647 2938 et
661 2881 742 2955 digna
765 2881 854 2940 lnrlmo
877 2882 990 2938 dicteria
1013 2881 1040 2935 in
1063 2882 1134 2936 bunc
1155 2879 1321 2937 nebulonem
1338 2883 1476 2954 protule-

164 2973 242 3021 runt:
267 2967 357 3021 omnia
379 2964 461 3028 bene,
485 2965 566 3022 modo
589 2959 693 3041 lapides
708 2984 792 3040 pecus
808 2967 861 3023 free
876 2984 985 3041 quoque
1000 2964 1166 3022 salutassent
1181 2972 1209 3021 et
1224 2965 1344 3039 antiquar
1370 2969 1475 3024 rustris

164 3067 226 3107 ossa
247 3049 390 3108 cerebrum
405 3049 480 3106 istud
495 3050 646 3108 sanctulum
662 3051 884 3125 perfricuissent:
909 3052 1021 3108 vidisses
1037 3067 1117 3123 qnam
1131 3048 1280 3122 sacrilegus
1296 3049 1344 3106 ille
1362 3051 1471 3116 fossor,
1484 3069 1510 3110 aa

165 3249 317 3300 auderent?
335 3250 507 3316 Responsum
525 3251 631 3311 ferunt,
658 3252 791 3301 iniussum
811 3267 845 3301 ea
863 3251 961 3317 populo
981 3249 1153 3301 declamasse
1173 3248 1358 3300 fraterculum
1379 3251 1473 3305 illum.

162 3335 288 3385 Hoccine
308 3337 392 3397 satis,
418 3335 569 3386 monache?
592 3334 702 3386 Siccine
728 3337 865 3401 impunita
882 3342 977 3386 vestra
1001 3334 1146 3399 protegitis
1170 3334 1292 3400 flagitia,
1317 3335 1472 3400 publicum

162 3419 243 3470 nefas
263 3420 314 3470 tali
332 3435 442 3470 susurro
462 3420 572 3470 abunde
591 3422 732 3486 expiatum
750 3437 784 3471 ne
804 3422 913 3472 credis?
935 3421 1030 3485 Digna
1048 3418 1175 3484 viperina
1192 3419 1252 3473 hoee
1270 3418 1384 3485 lingua,
1407 3437 1473 3488 quse

163 3504 302 3555 mendacii
315 3509 372 3555 tam
385 3505 533 3555 execrandi
546 3506 670 3556 omnibus
683 3506 836 3572 forpicibus
849 3521 958 3571 poenem
971 3505 1038 3554 luat.
1058 3504 1231 3570 Mogentiam
1242 3503 1308 3554 inde
1321 3519 1391 3557 sese
1405 3522 1471 3558 sen·

163 3589 214 3638 sim
232 3605 367 3640 venenum
385 3589 437 3640 boc
455 3596 642 3656 promovente,
663 3590 739 3640 dictu
758 3606 812 3640 non
830 3618 863 3627 —
874 3617 909 3627 —
927 3591 1028 3640 cristas
1042 3591 1151 3655 erigere
1164 3590 1326 3653 occoeperit.
1350 3607 1506 3650 omnemne

163 3673 266 3725 clerum
286 3679 314 3725 et
332 3702 363 3711 —
382 3701 416 3711 -
435 3676 617 3738 caerimoniis‚
642 3675 799 3741 conlegium
823 3675 979 3737 literarum,
1004 3674 1186 3740 populumque
1209 3674 1375 3724 universum
1402 3676 1471 3728 reli·

163 3760 241 3825 giose
261 3759 358 3809 adesse
376 3759 473 3811 voluit.
492 3761 584 3827 Papa,
604 3761 633 3810 in
652 3775 732 3825 quam
751 3760 888 3811 fortunam
907 3775 951 3810 res
969 3760 1137 3825 pervenerit.
1167 3759 1214 3824 qui
1231 3757 1408 3823 triumphum
1428 3763 1471 3811 in·

163 3845 269 3906 stituit,
290 3845 336 3909 qui
354 3845 476 3909 praedam
495 3846 528 3897 de
547 3845 627 3896 nobis
646 3846 784 3910 speravit,
804 3845 877 3896 inter
896 3844 1011 3896 calones
1030 3847 1078 3896 vix
1099 3848 1251 3895 nostratum
1263 3858 1378 3911 ¹maanus
1407 3846 1469 3898 ela·

163 3946 228 3996 psus
248 3934 302 3980 est:
327 3930 452 3981 omnibus
476 3918 704 3996 pudentissimum
723 3928 847 3980 fabulam
866 3931 899 3980 de
919 3945 949 3980 se
963 3931 1100 3996 prestitit.
1130 3930 1217 3980 Nemo
1231 3928 1331 3979 aderat
1344 3932 1397 3995 qui
1412 3947 1470 3983 non

164 4019 347 4081 quaestuosum
370 4014 465 4065 Italici
493 4017 636 4067 venatoris
658 4015 778 4066 animum
802 4015 918 4066 videret.
954 4015 1013 4066 Nec
1036 4015 1131 4065 risisse
1154 4018 1199 4063 sat
1222 4017 1292 4064 erat.
1315 4014 1470 4080 palantem
1480 4036 1507 4077 io

163 4101 236 4151 enim
254 4125 287 4134 —
308 4102 504 4166 -pungentis
526 4101 633 4152 lacerto
659 4101 688 4150 in
710 4115 786 4150 ansae
809 4100 925 4150 formam
949 4100 1042 4151 excito
1064 4100 1124 4152 loco
1142 4126 1176 4136 -
1194 4125 1225 4135 -
1244 4097 1348 4163 reliqui
1375 4104 1471 4152 vestis

162 4200 220 4236 sum
238 4184 355 4235 eandam
374 4211 405 4221 -
423 4211 457 4222 -
475 4186 767 4237 subsannaverunt-
785 4211 817 4220 -
836 4185 907 4235 bene
926 4189 1092 4251 sancteque,
1116 4184 1194 4234 modo
1212 4181 1324 4248 lapides
1343 4187 1471 4237 cerebro

164 4269 355 4328 advolassent,
373 4275 490 4335 peracta
508 4276 582 4320 sunt.
600 4270 652 4320 boe
671 4285 754 4320 unum
774 4271 845 4320 enim
864 4269 967 4320 defuit:
988 4277 1092 4337 caetera
1111 4269 1218 4335 quidem
1237 4269 1332 4319 omnia
1350 4285 1407 4334 pro
1427 4274 1471 4322 rei

229 4441 409 4507 ²foreipibus
423 4446 450 4494 G,
520 4443 655 4506 oeyssime
670 4447 697 4491 G.
750 4440 829 4491 ³outt
846 4439 1098 4492 innocentissimos.
1149 4435 1222 4504 ⁴ac]
1245 4436 1280 4487 ad
1294 4441 1319 4487 1.
1378 4439 1403 4473 ¹³
1422 4459 1473 4509 pe.

162 4527 334 4578 diescens
350 4527 379 4577 G.
394 4528 426 4576 de
444 4528 580 4576 industrio.
635 4526 654 4559 ¹⁹
674 4526 716 4577 Cf.
730 4526 864 4576 Hedionis
883 4527 963 4591 epist.
976 4525 1031 4575 vol.
1044 4526 1067 4575 Ι.
1080 4540 1107 4590 p.
1120 4522 1179 4576 438.
1193 4538 1266 4573 num.
1280 4504 1366 4575 (1011.
1383 4526 1413 4576 d.
1428 4528 1473 4579 21.

162 4611 230 4661 Dee.
246 4627 271 4660 a.
286 4609 359 4660 1520.
407 4609 429 4644 ²²
447 4612 598 4678 venatoris]
615 4613 650 4662 cf.
665 4612 719 4662 vol.
732 4613 763 4662 V.
778 4628 804 4677 p.
816 4611 875 4662 344.
888 4627 914 4660 v.
928 4609 952 4659 7.
965 4625 1024 4674 sqq.
1070 4607 1093 4640 ²⁷
1111 4609 1258 4675 pinxerunt
1270 4611 1296 4658 1.
1311 4614 1341 4658 G.
1396 4616 1473 4663 asin,

164 4710 221 4745 aur.
235 4701 264 4746 et
282 4696 335 4747 cic.
348 4693 430 4762 pins]
451 4696 488 4747 cf.
502 4697 578 4747 Pers.
592 4701 645 4746 sat.
658 4697 681 4747 1.
694 4694 736 4746 58.
750 4713 790 4761 sq.
806 4695 863 4745 121.

229 4778 251 4811 ⁸⁵
268 4782 418 4846 occeperit.
431 4784 457 4829 2.
