3294 5408
167 407 170 413 ¹
263 379 334 464 172
356 410 474 446 nentem
488 411 629 446 11111111ῐὼ0
644 411 719 447 SVSC.
732 411 796 447 ΑΜ.
809 413 909 448 vester.
921 413 955 446 ET
969 412 1075 447 TVBCAS
1090 414 1193 449 ORATIO
1208 413 1520 450 qu1u11,.svt}.ntcrs.

259 563 365 687 W
381 565 384 645 1
398 569 603 643 Aquileiensis,
624 587 702 642 quem
719 570 826 625 Histria
848 578 875 626 et
895 571 1005 626 dimidio
1023 578 1106 641 porte
1127 573 1246 628 Venetia
1256 576 1455 644 privaverant,-
1476 579 1557 628 testes

306 659 355 685 ...ο

259 648 411 738 mitium
436 661 502 710 sard
521 658 619 710 iterum
642 657 782 713 duodecim
806 659 934 711 canonici
954 657 1153 729 Aquileienses,
1183 674 1250 730 quos
1270 676 1373 728 parum
1389 658 1445 729 fuit
1466 660 1557 713 mrsbr's

259 741 394 814 opulentis
417 741 535 795 castellis
550 747 576 795 et
591 741 711 812 oppidis,
734 757 796 813 qaoe
813 741 1004 813 possidebant,
1028 757 1091 795 cum
1113 747 1165 796 uita
1188 745 1272 798 sirnal
1290 745 1433 814 spoliasse,
1454 745 1509 797 nisi
1528 745 1556 797 ia

259 827 418 881 memoriam
440 827 509 880 tanti
527 827 667 899 sacrileqii
687 827 828 881 duodecIm
847 842 951 897 porcos
969 828 1088 898 piaqaes
1114 827 1217 883 abraso
1242 830 1311 884 collo
1333 829 1376 882 die
1397 826 1471 882 Iouis
1491 833 1557 882 ante

259 910 500 985 quadrupesimam
515 910 632 982 sinqulrs
647 913 729 966 annis
747 913 775 966 in
793 911 901 967 barena
920 913 1022 982 populo
1042 919 1184 983 spectante
1194 913 1392 984 qladialoribas
1407 913 1577 983 confidem-⁵

260 989 393 1071 my&
415 996 465 1051 dos
490 995 632 1056 obiiciants
661 998 735 1052 testis
761 1003 802 1051 est
826 999 1018 1052 serenissimus
1049 997 1115 1052 Item
1143 997 1332 1070 Unqarorum,
1361 999 1441 1052 cuias
1463 1011 1557 1069 prope

217 1081 222 1093 ‘
259 1085 398 1136 amenus
419 1081 541 1148 insulas,
567 1081 660 1136 decem
686 1083 806 1137 ciuitates
829 1083 1013 1153 episcopales,
1043 1082 1116 1136 daos
1138 1085 1299 1153 prouincias
1325 1083 1494 1139 Dalmatiam
1522 1097 1558 1135 ac

261 1165 438 1233 Liburniam
462 1173 629 1238 importas,
652 1168 800 1238 quinqenta
822 1168 932 1221 circiter
954 1168 1029 1221 milia
1046 1183 1180 1237 passuum
1203 1169 1335 1223 maritimi
1355 1168 1451 1222 littoris
1472 1181 1555 1221 occu-

259 1242 444 1328 magei
464 1258 618 1322 paverant.-
640 1253 713 1306 testis
734 1259 774 1306 est
796 1250 953 1322 Imperator
977 1251 1304 1322 Constantinopolitanae,
1334 1253 1434 1307 eteius
1453 1264 1555 1321 proce·

260 1328 324 1407 {22¹5
339 1327 402 1413 W}
430 1350 477 1391 res
497 1342 523 1390 et
539 1336 648 1406 finitimi
665 1335 732 1392 Itali
751 1336 956 1403 Cartarienses,
982 1335 1143 1403 Scalenses,
1165 1336 1326 1405 Mantuani,
1356 1336 1591 1390 Ferrarienses¹⁰

261 1427 289 1475 et
315 1419 538 1477 Mediolanenses
557 1420 664 1487 Duces,
690 1437 808 1493 quonum
835 1422 903 1475 alios
931 1423 1037 1492 maqnis
1064 1420 1193 1488 aubibus,
1221 1424 1318 1477 insulis
1343 1436 1377 1476 ac
1393 1421 1556 1492 prouinciis,

194 1506 212 1555 I.
220 1509 252 1552 Is.
264 1505 333 1560 alios
352 1505 465 1561 dimidia
478 1512 577 1578 parte,
608 1507 677 1560 alios
698 1507 821 1562 omnibus
842 1506 934 1572 bonis,
962 1508 1031 1561 alios
1058 1509 1138 1561 etiam
1168 1509 1221 1563 sita
1240 1507 1456 1564 mulctaucrunts
1478 1510 1558 1559 testes

264 1582 496 1666 ssmfflm‘i
518 1596 583 1645 smil
601 1598 788 1646 antecessores
810 1594 894 1646 uestri
908 1591 1094 1663 Imperatores
1109 1591 1237 1659 Romani,
1258 1606 1327 1664 quos
1341 1591 1464 1654 Patauio,
1492 1589 1557 1643 Vin·

262 1668 370 1750 mi
392 1678 491 1742 cenna,
516 1675 625 1730 Verona
644 1675 806 1739 deiecerunt,
828 1682 855 1730 et
868 1675 961 1731 Dnces
976 1678 1097 1731 Austrice
1115 1684 1141 1731 et
1160 1686 1251 1734 uestra
1266 1676 1397 1732 Casareo
1418 1675 1557 1738 maiestas,

262 1752 426 1839 {ww}
449 1777 532 1832 quam
556 1759 696 1827 Taruisio,
720 1761 828 1826 Feltro,
852 1761 1019 1827 Concordia,
1049 1761 1134 1829 Utino,
1157 1762 1292 1834 Terqeste,
1315 1761 1422 1817 Coricia
1445 1766 1471 1814 et
1484 1757 1591 1814 annin

259 1847 434 1916 possessione
455 1844 545 1900 Italics
565 1847 677 1917 penitus
704 1847 884 1916 expetierant,
912 1854 938 1901 ct
966 1852 1108 1901 conantem
1134 1846 1172 1901 od
1191 1849 1398 1918 imperatoriam
1426 1858 1560 1898 coronam

264 1929 382 1985 Romam
410 1931 554 2001 proficisci
581 1932 637 1984 iam
668 1934 793 1984 XXIIII
823 1945 913 1986 annos
940 1935 1027 1986 armis
1055 1933 1241 1991 retiarserunt:
1271 1933 1344 1986 testis
1376 1935 1416 1984 est
1443 1929 1561 2000 denique

264 2007 474 2090 {f'ffi’m‘lffib
499 2030 620 2070 mmmus
639 2015 768 2087 pontifex
786 2023 813 2071 et
833 2021 946 2071 sanctas
963 2017 1065 2071 Petrus
1086 2019 1158 2087 ipse,
1180 2018 1228 2088 qai
1246 2030 1324 2071 nese
1339 2026 1447 2086 qaoque
1461 2013 1562 2068 ceteris

265 2100 360 2155 ubiuis
378 2099 568 2168 pulchriorem
585 2106 707 2171 putaret,
731 2101 833 2156 Forum
850 2101 964 2168 Liuiam,
989 2102 1093 2157 Forum
1109 2101 1274 2167 Cornelium,
1301 2101 1471 2164 Fouerrtiam,
1495 2099 1560 2151 Ari·

264 2178 348 2264 3222
375 2179 378 2258 1
411 2185 527 2250 mbram,
550 2185 713 2240 Rauennam
734 2186 913 2241 abstulerunt.
957 2192 983 2241 et
1004 2193 1034 2241 ut
1052 2201 1136 2257 reqno
1159 2185 1260 2240 Sicilire
1276 2187 1449 2256 potirentur,
1477 2183 1592 2253 quin-²⁰

265 2283 320 2343 que
338 2268 423 2324 urbes
442 2271 471 2324 ia
491 2271 588 2341 Apulis
610 2286 644 2324 ac
666 2269 813 2325 Salentinis
833 2274 861 2325 in
883 2270 1034 2326 Laboribus
1056 2271 1162 2343 Iiequm
1178 2271 1423 2341 Neapolitanorum
1442 2269 1560 2322 interce·

198 2361 379 2425 euriporum,
401 2355 473 2409 inter
489 2369 561 2427 quas
580 2354 755 2427 Hydruntem
777 2361 803 2409 el
817 2356 1016 2424 Brundusium,
1036 2363 1120 2426 porta
1141 2356 1323 2411 celeberrimo.
1369 2354 1406 2407 Et
1424 2368 1479 2424 qua
1501 2357 1564 2405 arte

266 2432 336 2511 stuf
359 2439 454 2494 Pisum
475 2446 689 2511 usurpaverunt,
712 2448 742 2495 ut
759 2456 813 2511 per
834 2456 896 2495 eum
917 2443 1034 2496 alteram
1049 2440 1139 2495 Italia
1161 2442 1242 2508 latus,
1260 2440 1348 2511 inferi
1368 2440 1463 2504 maris,
1485 2434 1561 2507 affli-

264 2531 375 2597 qerent:
393 2523 561 2579 Florentiam
579 2527 714 2595 paulatim
737 2532 886 2580 attererent
893 2550 902 2587 ,·
927 2526 1050 2581 Genuam
1073 2525 1232 2596 adprimus
1252 2531 1339 2579 molius
1361 2540 1422 2578 cam
1444 2537 1502 2576 una
1523 2534 1562 2574 esc

265 2608 431 2681 factionibus
444 2609 666 2681 inqrederentur,
682 2611 814 2678 Siciliam,
832 2613 982 2678 Corsicam,
1000 2611 1171 2675 Sardiniam,
1190 2611 1333 2674 Baleares,
1351 2607 1560 2664 Narbonensem
1569 2621 1595 2659 ss

262 2695 446 2766 prouinciam,
461 2697 551 2749 omnia
573 2696 664 2749 littora
677 2696 826 2766 Hispanus
839 2697 879 2751 od
892 2696 1062 2752 Herculeam
1076 2695 1180 2767 fretam
1195 2708 1281 2766 nsque
1296 2693 1429 2748 classibus
1439 2705 1563 2762 percur-

267 2786 370 2845 rerent,
391 2777 553 2851 fatiqareut,
575 2779 748 2851 infestarent,
770 2780 943 2855 affliqerenlt
964 2781 1042 2836 Prole
1064 2782 1132 2835 deus
1147 2780 1321 2834 immortaIIst
1339 2793 1402 2849 quae
1417 2774 1562 2846 Carybdis,

266 2866 315 2937 qui
337 2862 465 2919 Oceanus
486 2870 540 2919 tom
559 2882 650 2921 uorax
670 2882 792 2938 unquam
812 2865 870 2939 fuit
889 2869 939 2938 qai
965 2872 1002 2920 tot
1027 2873 1053 2921 et
1079 2872 1155 2920 tanta
1183 2872 1238 2918 tam
1255 2879 1347 2935 paruo
1369 2871 1490 2932 tempore
1515 2860 1564 2913 de-

268 2962 394 3022 meuqere
414 2946 604 3021 oe'deqlutire
621 2954 760 3021 potuerit?
789 2951 844 3006 Vim
863 2951 931 3006 bene
951 2957 1015 3006 sunt
1035 2956 1144 3006 centum
1165 2951 1234 3004 anni
1254 2948 1349 3019 quibus
1370 2949 1461 3002 esuis
1478 2945 1563 3016 palu-

268 3034 347 3091 dibus
370 3035 401 3088 iu
420 3036 598 3091 continentem
618 3039 724 3108 eqrcssi
742 3043 820 3103 sant,
850 3045 876 3092 et
900 3039 978 3107 lonqe
996 3037 1083 3106 plara
1103 3037 1164 3090 surb
1180 3035 1329 3105 prastiqiis
1350 3048 1385 3087 ac
1405 3029 1562 3102 spcopluan·
1574 3042 1599 3082 so

200 3129 218 3178 I.
229 3130 259 3175 ts.
268 3121 311 3174 liis
333 3119 613 3192 circumscripserunt
634 3138 717 3192 quam
737 3120 858 3176 Romani
875 3122 998 3176 ducentis
1018 3123 1100 3175 annis
1121 3121 1209 3173 armis
1227 3117 1437 3172 debellaverunt.
1477 3114 1565 3184 Capta

268 3211 360 3259 ouoem
375 3202 467 3261 ,Italia
491 3206 596 3275 putatis
622 3206 682 3260 illos
707 3209 867 3277 quieturos?
898 3222 963 3260 num
990 3206 1100 3261 credilis
1126 3205 1187 3258 illos
1211 3205 1302 3257 animo
1331 3210 1416 3274 atque
1442 3198 1564 3270 superba

268 3296 356 3345 mente
377 3291 430 3344 iam
451 3289 499 3343 diu
519 3293 638 3361 aqitasse
651 3291 880 3361 quemadmodum
898 3293 984 3362 Alpes
998 3289 1234 3353 transcenderent,
1258 3295 1287 3342 at
1300 3287 1465 3352 Danubium,
1488 3283 1565 3338 Ilbe-

269 3391 347 3440 ηψπ,
371 3373 545 3447 Sequanam,
568 3374 753 3442 Rhodanum,
785 3376 904 3448 Taqam‚
930 3375 1064 3430 Hiberam
1082 3373 1211 3446 pontibus
1231 3375 1390 3443 ianqerent,
1418 3377 1445 3424 et
1465 3368 1565 3423 basin

265 3460 426 3530 prouincias
448 3459 580 3514 redactas
596 3461 763 3515 exercitibus
780 3462 949 3531 firmarent?
1574 3464 1600 3503 ³⁵

269 3538 372 3617 eruas}
460 3543 552 3599 Nescit
573 3551 658 3616 poter
680 3545 806 3617 familias
833 3547 908 3600 diues
933 3547 1007 3599 intra
1036 3545 1164 3599 molestia
1191 3556 1222 3596 se
1249 3543 1378 3596 terminos
1409 3538 1566 3593 continere:

267 3644 338 3701 qens
357 3631 441 3701 iqitur
462 3631 491 3683 in
512 3629 647 3684 domicilio
668 3631 807 3701 superbire
828 3637 912 3698 nata,
941 3646 1003 3702 qaoe
1030 3627 1210 3701 omnifariam
1240 3641 1335 3681 reram
1366 3626 1446 3695 copia
1465 3637 1565 3693 super-

269 3713 393 3769 abundat
418 3719 444 3768 et
470 3715 638 3771 multiladine
669 3721 853 3786 tyrannoram
881 3723 935 3770 lota
956 3720 1056 3781 scatet,
1084 3713 1206 3768 homines
1232 3726 1247 3765 c
1273 3711 1422 3766 colluuione
1444 3713 1470 3761 et
1492 3705 1569 3779 fcece

267 3801 386 3871 qentim
408 3799 436 3853 in
463 3798 596 3855 Veneticis
613 3801 765 3871 paludibus
785 3802 957 3872 conpreqoti,
979 3801 1089 3871 piscatu
1105 3800 1230 3869 primum
1253 3798 1383 3860 uiuentes,
1411 3793 1509 3846 dando
1531 3805 1569 3845 ex

264 3883 450 3956 piscatoribus
471 3887 607 3940 institores
628 3892 709 3957 atque
730 3887 946 3951 naviculatores,
975 3900 1013 3939 ee
1033 3883 1076 3938 bis
1097 3888 1280 3947 mercatores,
1306 3896 1344 3935 ee
1364 3876 1566 3933 mercatoribus
1576 3887 1603 3926 m

270 4068 397 4134 signibus
421 4071 520 4117 exutus
544 4066 712 4130 barbamque
740 4072 768 4117 et
795 4058 912 4131 capillos
939 4066 1070 4116 detonsus
1097 4071 1196 4114 octavo
1223 4063 1267 4112 sui
1294 4061 1469 4128 principatus
1497 4073 1570 4108 anno

271 4149 354 4218 [832]
374 4158 417 4203 est
436 4150 558 4202 Gentium
575 4150 731 4216 relegatus,
757 4152 805 4201 ubi
827 4153 917 4202 enoris
940 4152 1067 4200 initiatus
1090 4150 1177 4200 vitem
1194 4151 1293 4213 postea
1312 4161 1372 4196 cum
1392 4149 1477 4194 morto
1497 4158 1570 4193 nom·

270 4237 414 4289 mattrid'.
445 4235 565 4286 Sabellic.
579 4235 641 4285 dec.
654 4236 676 4285 1.
691 4235 739 4285 lib.
753 4235 777 4288 3.
849 4234 1019 4286 ¹dimmidia
1038 4238 1061 4283 t.
1130 4232 1141 4265 ²
1164 4234 1206 4282 De
1225 4231 1279 4281 XII
1298 4230 1442 4280 onnon'rcis
1468 4227 1569 4277 cf.So·

269 4322 350 4374 bellic.
369 4322 429 4372 dee.
450 4323 471 4372 1.
491 4319 540 4370 lib.
554 4321 578 4370 7.
599 4321 634 4371 ad
654 4337 718 4372 nnn.
734 4319 807 4372 Iton.
828 4335 889 4371 cum
908 4321 968 4370 dec.
988 4320 1010 4368 Ι.
1028 4318 1077 4368 lib.
1091 4319 1115 4366 2.
1137 4317 1171 4366 sd
1191 4332 1216 4365 a.
1229 4314 1288 4366 830.
1359 4313 1370 4345 ⁴
1392 4312 1526 4362 memoria
1546 4314 1571 4359 I.

271 4408 358 4458 ⁸Rem
376 4404 460 4472 Ung.]
486 4421 541 4456 non
563 4420 648 4467 unus,
672 4406 721 4456 sed
745 4406 808 4455 iude
834 4421 851 4454 a
869 4404 1039 4456 Colomsnno
1058 4403 1100 4465 (a.
1117 4401 1207 4462 1115.)
1231 4399 1324 4459 multi,
1347 4397 1465 4447 maxime
1485 4395 1571 4461 Sigis-

272 4492 388 4543 mundus
406 4507 430 4540 a.
448 4490 521 4541 1418.
535 4505 593 4556 sqq.
648 4490 670 4523 ¹⁰
688 4490 881 4541 cartusienses
900 4492 956 4539 t.2.
977 4487 1159 4538 Cattarenses
1176 4483 1335 4534 Dalmatia.
1394 4477 1477 4545 Sosi]
1498 4481 1571 4529 Isola

270 4592 364 4642 qrossa
381 4591 403 4626 s.
418 4580 495 4641 lonqa
512 4592 534 4625 s.
549 4577 577 4625 di
593 4579 647 4625 sale
666 4590 710 4639 ap.
724 4574 860 4625 Indorum.
926 4570 947 4603 ¹⁷
965 4572 1023 4622 Rex
1041 4572 1224 4620 Romanorum
1248 4574 1359 4618 creatus
1383 4570 1426 4615 est
1443 4566 1570 4615 Maximi·

274 4661 365 4711 linnns
384 4660 410 4710 d.
426 4658 562 4710 lbb'ebr.
580 4657 652 4707 Ioue.
718 4656 742 4690 ²¹
770 4658 799 4707 in
816 4652 984 4722 Laboribus]
1008 4664 1082 4705 terra
1105 4657 1133 4705 di
1154 4659 1250 4705 lavoro.
1320 4649 1342 4682 ¹⁴
1366 4651 1492 4716 Thagum
1513 4652 1571 4701 Il.

275 4744 377 4809 hybelq
391 4747 413 4792 l.
428 4742 593 4807 hyberorum
606 4745 632 4790 2.
652 4741 758 4806 (libro.)
