3294 5408
204 387 326 421 llVT'l'llill
341 387 370 421 nt
384 387 645 423 SCElAEllATlflfllssl
658 389 773 426 rotnttls
787 389 977 426 PBPEBIBOBNI
990 390 1079 426 VITA!
1092 391 1279 429 BXGLUATIO·
1317 364 1400 436 347·

262 561 288 602 ao
303 542 431 604 Abstulit
453 542 530 604 banc
553 541 641 605 terris
663 550 775 624 pestem
799 551 889 623 atque
911 546 940 606 in
964 544 1087 607 Tartara
1110 548 1224 609 mersit.

300 647 395 706 lusus
418 653 482 706 erat
505 652 651 707 temerare
675 647 761 715 deos,
785 645 894 708 uiolare
917 665 1072 710 sacrorum

300 745 395 809 Omne
418 765 511 826 genus
534 747 667 826 divisque
689 766 794 809 manus
817 755 845 810 et
866 750 953 809 noxia
976 749 1111 813 membra

300 847 441 910 ddmoliri
464 857 493 912 et
514 849 643 911 inaudita
667 850 795 911 novitate
818 850 949 920 lucebat:

298 951 428 1029 drgento
451 951 577 1030 spoliare
600 951 687 1022 deos,
711 951 830 1012 donaria
854 951 972 1032 templis

260 1073 285 1113 se
300 1053 430 1122 Eruere,
453 1054 593 1116 incestam
616 1056 709 1116 sacris
731 1072 883 1134 opponere
906 1054 1055 1127 dextram,

299 1154 336 1215 Et
358 1154 423 1215 licta
446 1156 554 1235 pietate
577 1173 682 1236 preces
704 1155 847 1218 tundebat
868 1156 904 1217 ad
927 1173 1008 1227 aras,
1031 1183 1032 1187 ¹

300 1255 518 1337 Tractabatque
542 1257 645 1328 deum,
668 1259 762 1319 sancti
784 1259 921 1338 mysteria
944 1261 1029 1338 panis

191 1363 194 1368 “
299 1357 427 1421 Vulnere
450 1359 616 1428 mactabat,
639 1377 695 1420 nec
717 1359 814 1421 adbuc
837 1359 984 1441 (mirabile
1006 1362 1096 1443 dictu)

300 1460 384 1522 Caede
408 1462 510 1522 lurens
532 1461 626 1523 media
650 1461 746 1522 subito
770 1470 925 1523 emanante
947 1480 1056 1525 cruore

260 1584 286 1623 oo
301 1561 436 1625 Substitit
457 1564 592 1643 incepto,
617 1564 686 1624 vidit
707 1583 738 1624 se
763 1563 916 1625 effundere
937 1566 1046 1643 passim

298 1665 482 1744 Sanguineas
504 1666 582 1726 rivos
604 1666 846 1745 insperatumque
868 1665 1013 1746 liquorem

300 1769 447 1828 lrrorasse
469 1785 589 1834 manus,
613 1770 704 1828 sensit
727 1786 781 1847 pro
805 1785 881 1846 pane
903 1769 1027 1846 rigentis

298 1869 440 1931 indicium
463 1870 575 1938 carnis;
600 1876 711 1948 perstat
732 1877 831 1930 tamen
852 1869 1007 1949 improbus
1028 1870 1133 1942 ardor,

301 1972 421 2050 lamque
443 1972 532 2032 audet
553 1974 650 2033 socios
673 1973 702 2033 in
725 1972 834 2032 caedem
859 1971 1014 2032 admittere
1037 1991 1144 2054 verpos

261 2094 286 2133 oa
302 2073 338 2134 lit
360 2073 498 2135 mercede
520 2072 604 2135 nelas
625 2074 795 2152 tactumque
818 2075 946 2135 immane
968 2075 1086 2152 pacisci.

298 2176 332 2237 ln
354 2182 472 2236 teneros
495 2175 565 2236 lurit
588 2175 713 2235 inlantes
735 2182 763 2236 et
785 2174 822 2235 ab
845 2174 938 2236 ubere
960 2193 1075 2254 parvos,

298 2275 403 2338 dvellit
425 2276 511 2338 loetus
533 2277 611 2339 idem
635 2276 775 2356 lerroque
798 2284 934 2339 cruentat

298 2379 468 2460 l’alpantem
491 2377 624 2441 sobolem
647 2380 792 2458 vitamque
815 2399 831 2440 a
853 2379 921 2440 labe
943 2387 1086 2442 remotam

297 2481 493 2560 ignaramque
516 2483 570 2541 sui.
595 2482 724 2560 magicas
747 2480 853 2543 dehinc
875 2483 972 2560 pergit
994 2483 1031 2543 ad
1054 2491 1150 2554 artes,

259 2604 284 2645 ro
299 2582 467 2644 Fraudibus
488 2583 607 2644 invertit
628 2583 770 2663 populum
794 2592 932 2663 vatesque
955 2586 1052 2645 vocari
1247 2581 1249 2586 ’

299 2687 406 2755 Gestit,
430 2687 489 2764 agit
512 2686 677 2746 medicum:
701 2685 780 2764 qnod
803 2683 885 2746 nullo
909 2693 1042 2765 tempore
1063 2688 1184 2770 credes,

297 2788 418 2868 Accipe,
442 2789 612 2867 posteritas:
637 2789 747 2847 utinam
770 2805 857 2866 quam
881 2787 947 2847 ficta
971 2787 1101 2867 putabis,

298 2890 369 2951 Tam
394 2906 452 2949 non
476 2889 550 2950 lacta
575 2907 695 2949 canam:
718 2890 814 2969 potuit
837 2891 1012 2967 promittere
1033 2891 1134 2961 vitam,

299 2992 433 3053 Praestitit
455 2991 618 3058 interitum:
642 2991 725 3051 iussit
747 3008 869 3070 sperare
891 2989 1030 3059 salutem,

259 3115 284 3155 rs
300 3092 399 3154 lntulit
421 3094 557 3153 exitium:
581 3100 756 3171 praesentem
779 3091 920 3153 inducere
943 3099 1069 3154 mortem

296 3195 372 3256 Huic
394 3194 538 3256 medicina
562 3196 616 3255 luit
639 3195 894 3274 conquisitumque
915 3212 1078 3265 venenum

296 3295 375 3367 Quas
397 3296 507 3359 berbas
528 3297 630 3359 bledea
652 3296 736 3376 legit,
760 3297 952 3358 medicamina
976 3296 1059 3358 Ciroe

297 3398 368 3470 Ouae
391 3400 512 3480 probat,
537 3399 702 3479 internique
725 3401 806 3462 canis
828 3398 995 3461 damnabile
1017 3408 1135 3480 sputum

297 3502 400 3564 Miscet
421 3521 507 3583 opem
530 3502 651 3563 morbis.
686 3503 761 3574 Quid
786 3521 851 3581 quae
873 3502 1005 3564 nondum
1020 3512 1083 3565 acta
1100 3502 1234 3583 reliquit,

259 3625 285 3665 so
300 3605 333 3666 ln
356 3605 454 3667 medio
477 3623 566 3666 cursu
590 3604 736 3667 scelerum
760 3607 931 3685 dispergere
954 3607 1034 3667 virus

297 3708 429 3768 Saxones
452 3708 480 3766 in
505 3725 640 3787 campos,
665 3716 773 3787 quanta
797 3717 840 3770 est
863 3716 911 3769 tua
935 3708 1065 3771 blanchia
1088 3709 1200 3779 tontes,

296 3810 399 3878 Prata,
423 3807 521 3878 lacus,
545 3809 648 3870 duvios
670 3809 823 3890 sylvasque
845 3819 874 3872 et
896 3828 1004 3889 pascua
1027 3819 1056 3872 et
1077 3830 1166 3891 agros

208 3934 216 3951 ·
297 3911 420 3973 inlicere
443 3912 546 3981 exitio,
570 3911 622 3971 tibi
646 3914 762 3973 mittere
785 3914 896 3981 toxica,
921 3913 1042 3974 tratrem

297 4013 391 4075 llorte
414 4012 532 4074 abolore
557 4020 638 4074 tuum
662 4022 812 4094 totamque
835 4016 1009 4093 extinguere
1031 4034 1107 4078 caca

258 4136 284 4176 m
299 4115 384 4176 Peste
408 4115 544 4184 domum,
567 4115 619 4177 tibi
641 4119 758 4196 iamque
780 4116 897 4195 aliquos
919 4119 1097 4197 promiserat
1112 4119 1201 4181 Orco.

297 4218 442 4279 Continuo
465 4217 605 4297 placitum
629 4219 685 4280 diis
707 4220 794 4280 linem
818 4221 971 4298 imponere
994 4219 1100 4290 rebus,

297 4320 481 4399 Praecipitem
505 4320 646 4381 cohibere
669 4323 758 4391 iram,
782 4320 938 4383 nebulonis
961 4323 1053 4400 iniqui

295 4420 485 4501 Propositum
508 4423 646 4485 conterre
669 4430 751 4485 retro
774 4424 951 4505 frenumque
973 4425 1080 4486 minaci

92 4578 296 4590 ....-.-

159 4657 180 4693 ⁵¹
200 4660 241 4710 Ad
259 4676 318 4727 sqq.
338 4659 528 4711 eradicatam
552 4662 659 4729 gardim
682 4668 749 4716 onor
772 4660 916 4727 lamniano
937 4667 979 4715 res
1002 4661 1136 4728 pusulam
1154 4659 1254 4727 jum.
1277 4671 1388 4728 mosum

92 4741 223 4811 Solutum
240 4745 406 4813 litterum.
459 4745 482 4779 ⁷⁰
498 4746 591 4816 rates]
611 4748 751 4800 sacerdos.
804 4747 904 4815 81ειη]
926 4747 1047 4799 Albente.
1100 4746 1122 4781 ⁸⁴
1140 4763 1218 4799 omos
1236 4751 1262 4799 2.
