3294 5408
363 339 448 377 ΒΣΗ.
463 340 576 376 evectus
592 341 620 374 nt
636 340 692 375 tot.
706 339 863 376 avutam
879 340 984 376 ΟΒΙΤΊΙΙ
998 339 1159 375 ΙΡΙΟΒΒῙΟΙ.
1353 309 1400 381 87

221 501 232 527 i
319 494 392 546 lluio
411 496 457 560 qui
477 495 591 545 satisero
608 497 694 546 vitem
711 494 856 560 laeemque
874 510 981 546 veneno

268 589 296 631 tt
379 581 501 645 Eripuit,
521 580 596 631 nullo
614 579 723 630 vindice
740 579 811 630 liber
830 580 901 630 erit?

317 663 369 715 cni
385 665 490 732 pridem
509 667 595 716 vitam
614 671 708 731 raptor
728 665 784 716 sino
803 665 900 716 fraude
919 664 1032 732 reliquit

377 749 522 813 Permisso,
543 751 668 815 exceptis
687 750 782 813 rebus,
803 750 880 801 abire
899 751 971 800 viro:

315 833 371 885 Hie
389 835 462 885 inter
480 834 596 899 cyathos
614 834 759 901 mediaque
777 835 805 886 in
823 851 893 900 pace
912 834 1015 899 petitus

263 928 291 970 st
374 919 501 971 Perfidiae
519 919 628 984 laqueis
646 918 803 985 insidiisque
821 921 901 985 perit.
988 971 993 978 ⁴

316 1003 405 1070 Vsque
424 1004 529 1056 adeone
547 1004 616 1055 nihil
634 1003 690 1057 iarn
708 1004 790 1055 lidum
810 1009 849 1056 est
870 1005 989 1070 amplius
1008 1009 1131 1071 vsqnam‚

376 1089 413 1139 Vt
431 1092 501 1141 soeuo
520 1091 553 1140 sit
571 1088 632 1156 plus
650 1089 741 1140 Marto
760 1090 882 1140 timenda
900 1091 996 1156 quies?

316 1174 435 1225 Abstulit
451 1173 500 1224 illa
519 1174 571 1225 tibi
590 1174 660 1240 quod
678 1189 732 1224 non
750 1175 828 1224 modo
846 1174 980 1225 barbarus
999 1176 1080 1235 ensis,

266 1267 293 1309 tt
376 1259 431 1310 Hic
450 1259 548 1326 spolia,
567 1258 617 1309 illa
636 1260 770 1322 enimam,
789 1258 849 1324 pluo
868 1259 1013 1325 populata,
1034 1260 1116 1326 rapit.

316 1343 402 1410 Ergo,
422 1343 571 1402 Mamili,
591 1344 702 1410 sugeres
721 1358 800 1408 quum
819 1342 877 1393 tela
894 1342 1046 1408 latronum,
1112 1392 1113 1397 ,

322 1416 327 1424 ’
374 1429 445 1479 Vina
463 1430 553 1494 magia
571 1430 682 1479 suerent
700 1428 758 1492 (ah)
773 1429 906 1494 sngienda
923 1430 988 1488 tibi,

316 1515 384 1577 Quae
402 1514 467 1574 tibi,
485 1514 528 1565 vir
546 1513 658 1581 simplex
677 1513 840 1579 scelerisque
858 1515 955 1581 ignare
975 1515 1086 1578 sinistri,

267 1607 294 1649 tt
378 1598 500 1666 Hospitis
517 1599 547 1650 in
566 1600 655 1666 speeie
674 1600 782 1651 miscuit
799 1599 883 1650 hostia
904 1605 989 1649 atrox.

316 1683 439 1746 Siccine,
459 1683 598 1748 Pierides,
618 1685 699 1735 vestri
718 1688 887 1736 temerantur
904 1683 985 1736 inulti

290 1775 292 1778 '
377 1767 516 1832 Cultorea,
536 1774 668 1835 tanquam
688 1768 793 1821 sordida
811 1784 877 1819 eura
895 1769 973 1819 daia?

315 1958 389 2022 Ergo
406 1956 481 2006 iacet
499 1956 604 2022 trigone
623 1969 694 2006 nnnc
713 1958 741 2005 et
759 1955 814 2006 sine
832 1971 900 2006 voce
918 1955 1053 2020 cadauer,

266 2050 293 2091 ra
378 2040 464 2091 Totus
483 2045 511 2090 et
530 2057 547 2091 a
565 2045 622 2091 toto
641 2055 753 2105 corpore
773 2043 861 2091 sensae
880 2040 970 2103 abest,

316 2125 374 2176 Nec
393 2125 500 2192 prodest
517 2125 560 2175 illi
578 2125 649 2191 quod
666 2128 769 2176 vestroe
788 2128 891 2190 semper
908 2124 1034 2177 honoree‘

375 2211 470 2272 Auxit,
491 2210 597 2260 ethaeo
616 2209 657 2259 illi
675 2211 795 2260 maxima
814 2226 879 2260 oure
897 2211 962 2260 suit:

316 2295 383 2346 Nam
402 2296 483 2348 vestri
502 2298 585 2346 causa
604 2295 683 2346 subiit
700 2295 856 2345 discrimina
874 2294 961 2358 mille,

265 2389 292 2431 tt
376 2380 453 2432 Mille
471 2380 634 2441 latratores,
652 2380 737 2431 toedia
755 2379 830 2431 mille
849 2380 924 2442 tulit;

316 2465 393 2516 Mille
412 2464 573 2516 exanclauit
590 2479 671 2516 curae
689 2470 717 2515 et
734 2465 809 2516 mille
827 2464 950 2530 labores,

373 2550 431 2600 Nec
450 2549 499 2600 sibi
517 2555 598 2601 nocte
617 2551 720 2615 quiem,
739 2565 791 2601 nco
810 2550 859 2602 sibi
876 2550 939 2601 lnce
957 2549 1047 2614 dedit;

318 2637 430 2702 Semper
448 2637 477 2686 in
494 2635 546 2687 hoo
565 2635 650 2686 studio
669 2635 778 2701 petiens
797 2635 904 2686 minuit
921 2634 944 2685 d
962 2634 1037 2698 alsit,

266 2731 292 2773 tt
376 2722 427 2771 Vix
446 2720 517 2770 alica
534 2725 654 2783 tantum,
674 2720 719 2771 val
737 2721 867 2786 grauiora
885 2720 956 2771 tulit.

318 2806 346 2857 Si
363 2805 464 2857 decora
482 2804 602 2872 imperii,
622 2806 712 2871 potuit
730 2806 749 2858 si
767 2804 862 2856 limina
880 2807 963 2858 vestri

375 2891 517 2953 Prolem,
535 2890 581 2940 hic
599 2893 730 2956 nusquam
748 2889 838 2943 lentua
856 2892 983 2957 inereque
1003 2892 1069 2953 fuit;

317 2975 371 3027 Hic
389 2981 493 3036 mente,
514 2975 558 3025 hic
578 2976 668 3025 animo
688 2978 815 3042 sensuque
835 2981 863 3027 et
881 2983 993 3043 pectore
1011 2982 1070 3028 toto

266 3070 292 3111 ao
377 3060 514 3120 Perstitit,
533 3060 587 3111 huc
605 3061 688 3111 robur
706 3061 823 3111 contulit
840 3077 919 3112 omne
937 3065 1023 3123 mnm3

318 3147 372 3197 Hic
389 3145 496 3212 gladio,
516 3144 561 3196 hic
581 3145 690 3210 clypeo,
709 3145 754 3196 hic
773 3146 850 3198 hasta
868 3148 1004 3212 pugnauit
1022 3151 1119 3208 conta,

375 3232 434 3296 Ipse
453 3238 514 3280 erat
531 3231 577 3280 hic
594 3229 687 3289 mileo,
707 3230 820 3297 signifer
837 3231 892 3296 ipse
912 3230 970 3281 sibi.

317 3315 377 3367 Hoc
396 3319 461 3367 cusu
481 3319 604 3382 grassans
621 3315 698 3366 Latii
716 3316 849 3382 pomoeria
867 3316 945 3381 regni

264 3409 292 3451 et
376 3400 472 3451 Victor
490 3401 524 3450 ad
542 3407 677 3456 extremos
696 3401 809 3466 protulit
826 3403 907 3465 vsqne
925 3401 1008 3451 viros.

316 3486 404 3549 Quam
422 3484 502 3535 multi
521 3488 615 3537 orassae
634 3486 721 3551 posita
741 3486 892 3551 stribligine
911 3485 1012 3552 linguae

375 3571 436 3622 Hoc
454 3571 524 3621 duce
543 3571 667 3621 Romane
686 3570 742 3620 iem
760 3571 882 3621 didicere
902 3570 993 3636 loqui?

316 3656 405 3720 Quam
423 3655 516 3707 multae
534 3656 640 3721 ingenii
659 3660 770 3721 surgunt
789 3670 850 3707 oum
868 3656 947 3723 fruge
966 3655 1096 3719 uocales,

264 3750 291 3793 tt
375 3742 407 3792 In
426 3741 523 3806 quibus
542 3751 606 3794 ante
625 3756 727 3791 nocena
746 3742 785 3791 nil
802 3743 854 3793 nisi
871 3757 985 3808 gramen
1004 3744 1083 3818 erati

315 3827 347 3878 ln
365 3826 464 3892 quibua
483 3831 548 3876 ante
566 3826 624 3875 filix
642 3825 790 3891 loliumque
807 3827 974 3891 hamataque
993 3826 1076 3894 lappa

375 3911 487 3974 Stabat,
507 3917 535 3963 et
553 3911 652 3963 inculti
670 3912 799 3977 ignobilia
816 3911 903 3964 herba
923 3911 984 3973 soli,

314 3998 467 4048 Innumerm
485 3998 578 4048 dorum
598 3999 703 4062 species
722 4002 751 4047 et
768 3999 854 4050 odora
871 4000 988 4048 rosarum

255 4089 292 4134 tot
377 4082 508 4133 Germina
526 4097 599 4132 nnnc
619 4081 744 4133 calathor
763 4084 926 4149 explicuere¹
939 4086 1007 4134 suos.

314 4270 393 4321 Nune
411 4270 488 4321 iacet
505 4270 582 4334 (hen)
601 4270 724 4327 iuuenis,
743 4269 858 4319 iuuenili
877 4275 961 4319 aetate
980 4274 1152 4334 peremptae,

255 4363 292 4403 tto
376 4357 521 4421 sparsurus
540 4359 632 4407 moesto
650 4371 712 4419 mor
732 4354 865 4404 alimenta
883 4369 959 4419 rogo.

131 4507 163 4561 dii
173 4511 208 4561 de
220 4509 365 4575 Seironiia
374 4510 450 4559 aeris
462 4509 510 4570 (es.
520 4524 591 4559 vers.
602 4508 654 4572 41.)
668 4507 805 4558 deiectum
818 4504 991 4556 rettulerunt.
1010 4505 1046 4555 cs.
1058 4505 1158 4554 l'otric.
1171 4502 1242 4553 Bibl.
1255 4502 1342 4554 Groeo.
1356 4503 1397 4554 ed.

131 4592 191 4646 dart.
204 4596 226 4646 1.
241 4611 269 4661 p.
282 4592 340 4645 560.

178 4679 255 4732 ”ct
268 4681 335 4731 Hor.
348 4683 398 4729 art.
412 4684 483 4745 poet.
498 4677 555 4729 413.
607 4677 628 4709 ⁹³
646 4679 767 4745 pomeria
785 4680 808 4726 l.
861 4674 883 4706 ⁰⁶
902 4675 1030 4724 Romame
1050 4677 1072 4722 s.
