3294 5408
112 404 284 440 susurratum
297 402 401 438 BYZBNI
415 401 575 437 ‘rntvrtrtlvs
589 400 727 436 nocronts
739 401 881 437 nssvcttnln
896 399 983 435 slot.
992 401 1112 436 christon
1118 401 1142 435 18
1157 402 1307 437 nncolttott.
1331 371 1404 443 439

315 557 367 618 Vix
390 556 497 636 aliquid
520 554 665 635 loquitur,
688 554 820 634 loquitur
842 560 939 615 tamen
963 557 1061 615 omnia
1084 561 1193 616 nestrae

261 681 300 721 no
314 658 409 720 l'artis
431 660 461 718 in
484 657 620 719 exitium:
643 656 722 735 quod
746 655 785 716 dil
808 656 891 734 prius
913 675 1001 718 omen
1025 658 1055 717 in
1077 658 1175 735 ipsum

313 762 505 830 Conuenient,
527 758 717 836 recidantque
740 777 801 818 suan
823 758 886 818 dira
910 760 1007 818 omnia
1031 758 1147 837 linguae.

312 862 378 932 Quo
393 871 431 932 te,
447 867 558 931 venter,
576 861 657 938 agis?
673 861 742 938 quin
758 859 839 921 liunc
853 859 971 938 odiique
984 859 1189 940 malorumque
1222 859 1403 946 lgl‘l'l'lllli'b*

313 964 455 1042 Adiungis
476 963 609 1025 socium?
631 962 712 1023 blitte
734 961 793 1022 huc
815 969 861 1030 te,
884 962 1002 1040 vipera,
1026 962 1107 1024 terro
1221 943 1405 1064 ῗὲἔὲξὶξῖἱῗῖἳῗ*

314 1067 384 1128 lnde
406 1083 511 1127 manus
534 1064 713 1142 dignumque
736 1070 806 1142 puta
829 1064 854 1124 si
876 1063 1085 1142 luneligeris,
1224 1032 1317 1071 ‘m'

263 1191 300 1230 ns
317 1169 383 1229 Sive
406 1167 579 1228 cathenatus
601 1166 699 1244 magni
724 1166 883 1243 Capnionis
906 1165 943 1225 ad
965 1164 1071 1225 urbem

311 1271 436 1331 Tractus
459 1287 523 1330 eas:
547 1268 745 1346 nequeenim
768 1269 861 1344 pelori
884 1267 1004 1328 canduit
1024 1266 1098 1328 alter

312 1371 434 1442 lnvidin,
458 1369 530 1431 nulli
552 1371 632 1446 rupit
654 1371 747 1445 nugis
769 1370 823 1429 ista
845 1369 973 1448 quietem

310 1475 386 1536 Cura
409 1481 497 1552 atque
519 1473 572 1532 iste
595 1469 695 1531 dolor:
718 1479 761 1531 sta
785 1488 880 1538 nnnc,
905 1470 1087 1539 Decimum,
1111 1471 1140 1530 in
1164 1469 1213 1531 illa

311 1575 451 1636 Sublimis
473 1572 629 1641 cathedra,
653 1571 726 1632 diris
748 1571 928 1632 clamoribus
950 1572 1049 1633 aureis

259 1698 297 1739 no
312 1679 398 1740 Nune
420 1676 502 1737 rudis
524 1675 628 1735 intesta
651 1671 768 1753 populi,
791 1679 878 1752 atque
901 1674 931 1732 in
953 1673 1086 1752 simplice
1109 1673 1194 1735 turba

310 1780 351 1842 lle
376 1778 526 1856 Capnione
549 1776 645 1845 refer,
670 1773 769 1854 vigila,
794 1776 944 1844 cruciare,
969 1776 1083 1836 diurnis

309 1882 387 1943 Arde
404 1877 571 1959 suppliciis,
595 1885 773 1938 nocturnum
796 1875 942 1956 abrumpe
964 1895 1118 1955 soporem,

309 1982 358 2043 llia
381 1983 455 2050 duc,
479 1982 584 2042 tacitos
606 1980 715 2059 gemitu
738 1985 846 2039 testare
868 1978 1000 2049 dolores,

309 2082 389 2145 Palle
411 2083 467 2144 hac
489 2083 610 2153 invidia,
635 2090 664 2143 et
687 2081 825 2159 quoniam
849 2079 976 2142 clamare
999 2083 1106 2144 vetaris

259 2207 298 2247 ns
314 2185 396 2264 (Quae
419 2185 474 2246 luit
497 2203 553 2245 una
577 2185 619 2245 tui
643 2182 741 2242 livoris
765 2189 794 2243 et
815 2200 873 2242 una
896 2183 1023 2244 nocendi
1104 2192 1105 2196 ’

310 2288 397 2349 Insita
420 2287 462 2346 vis
485 2285 607 2366 animo),
631 2283 711 2345 lento
735 2302 910 2345 consumere
933 2284 1017 2345 tabo:

308 2390 351 2450 td
376 2389 523 2468 Capniona
547 2385 619 2448 nihil
642 2387 754 2447 clamor
776 2394 844 2446 tuus
866 2395 895 2448 et
918 2394 966 2449 tua
989 2405 1123 2469 preceps

309 2492 440 2554 Pertinet
461 2493 504 2552 ira
528 2489 614 2559 nibil,
638 2487 712 2549 livor
735 2488 807 2548 nihil
830 2496 859 2550 et
881 2489 952 2550 nibil
976 2489 1063 2550 huius

309 2592 433 2653 Paliuris
454 2591 561 2653 rabies.
586 2590 643 2651 Sed
667 2598 794 2668 quote,
818 2590 933 2670 hlayre,
958 2610 1118 2672 reponam,

258 2715 298 2757 roo
309 2695 413 2764 Petre,
437 2694 523 2756 locet
546 2711 640 2772 quove
663 2711 715 2752 ore
738 2701 805 2752 tuos
826 2711 881 2770 pro
904 2700 1038 2772 temporo
1061 2712 1153 2773 reque

307 2796 459 2875 Exponam
481 2795 598 2856 mores?
621 2801 669 2863 tu,
693 2811 804 2874 quase
826 2794 930 2872 Mogus
952 2797 983 2855 in
1005 2795 1110 2858 urbem
1240 2796 1397 2882 {33:1¹ng

309 2900 380 2961 Fert
402 2898 544 2967 mediam,
568 2897 674 2976 partim
697 2896 734 2956 de
750 2895 872 2955 Francis
894 2913 1001 2957 nomen
1017 2896 1192 2974 habentem,
1239 2881 1369 2917 ⁰⁰¹⁰“³⁰''⁵‘''

309 3002 419 3062 Partim
440 3019 457 3061 a
481 3000 626 3060 Saronico
649 2998 796 3058 dicentem
819 2999 925 3058 moenia
948 2997 1043 3069 bello,

308 3103 429 3180 lugens,
454 3101 611 3172 iracunde,
635 3098 745 3160 malum
768 3117 977 3179 summumque
1000 3103 1095 3162 citasti

255 3227 293 3268 ans
309 3205 340 3266 ln
363 3203 491 3283 populo,
515 3205 641 3273 luriose,
664 3203 761 3263 nolas:
786 3209 898 3262 tantum
920 3204 1020 3264 intima
1043 3204 1145 3283 plebes

307 3307 343 3368 Et
366 3306 470 3385 rrrlgus
493 3303 637 3366 muliebre
659 3306 748 3366 animi
771 3305 865 3374 dedit,
888 3307 967 3365 auxit
989 3324 1083 3367 avarae

306 3408 435 3488 Impetus
457 3407 580 3467 invidie.
604 3425 780 3486 quonum,
804 3408 974 3477 vanissime,
999 3427 1119 3489 rumpes

306 3511 426 3571 Materia
450 3511 533 3570 iecur
555 3508 626 3580 hoc,
651 3528 745 3588 quore
768 3508 921 3571 exercebis
943 3527 1073 3571 amaram

307 3611 348 3671 Ex
372 3612 440 3672 odio
462 3610 608 3689 linguam,
633 3630 692 3690 quo
715 3629 794 3671 nunc
816 3629 954 3672 sermone
977 3611 1108 3691 placebis

255 3735 294 3776 seo
310 3714 386 3775 Huic
409 3713 534 3793 populo,
559 3733 646 3793 quem
670 3715 758 3775 dente
779 3719 878 3792 petes,
902 3733 1025 3794 quemve
1048 3734 1100 3776 ore
1124 3715 1269 3793 maligno,

307 3813 552 3895 Quandoquidem
576 3816 644 3877 licet
666 3818 695 3877 in
718 3815 867 3894 Capniona
890 3816 977 3886 nihil,
1002 3816 1075 3876 nihil
1098 3819 1150 3877 ista

307 3918 439 3995 brnplius
462 3919 490 3977 in
513 3919 635 3979 caussal
658 3926 800 3997 quantum
823 3925 868 3978 est
889 3919 1019 3997 potuisse
1043 3920 1167 3980 furentis

308 4021 418 4082 ludicio
442 4019 519 4098 ntlgi
543 4019 713 4099 stolidaeque
736 4018 855 4099 placere
877 4019 1004 4080 cohorti!

305 4124 342 4183 nt
363 4122 507 4201 siquando
530 4121 582 4182 tibi
604 4121 680 4182 ridet
701 4122 809 4182 leviora
832 4118 969 4200 loquuto,

169 4323 202 4357 ⁷⁷¹
223 4327 397 4391 reciteutquo
417 4326 476 4388 ⁷.(t)
546 4323 854 4375 mesenensem.
923 4323 956 4355 777
975 4323 1030 4391 sta]
1052 4327 1096 4376 Ite
1115 4329 1206 4376 3.d.7.
1269 4324 1302 4357 777
1321 4325 1396 4375 lento

101 4424 261 4461 consumere
275 4409 353 4476 tabo]
364 4412 401 4460 ‘ee
412 4412 532 4461 uerzchre
544 4410 601 4460 died
612 4411 786 4460 schleicbeude
795 4409 1003 4459 Schueinrdcucbt'.
1022 4414 1101 4475 turpe
1114 4415 1219 4475 optatu.
1255 4410 1288 4442 777
1300 4411 1395 4473 bloyre

101 4511 203 4558 ponem
221 4497 280 4545 emt
300 4498 407 4561 Aliquid
423 4497 598 4560 corripendum
617 4511 686 4557 esse,
705 4502 732 4544 ut
744 4511 832 4545 uersus
849 4495 898 4544 sibi
914 4501 1025 4553 constet,
1045 4496 1069 4543 in
1084 4498 1138 4544 1.2.
1147 4500 1204 4545 Μ.
1225 4499 1311 4560 posito
1329 4502 1396 4545 osle-

100 4581 167 4629 rieco
180 4587 239 4629 unte
252 4580 305 4631 Sed
318 4584 454 4632 indicatur.
474 4596 605 4646 reponem
617 4581 679 4643 Hpt.
715 4580 805 4629 Maior
816 4583 841 4628 in
854 4595 933 4643 rnorp.
947 4583 972 4629 2.
980 4583 1002 4628 6.
1039 4577 1235 4642 ²⁹²Fuuuksurl.
1270 4577 1396 4630 ⁷⁹⁸Surb·

99 4665 250 4718 senbmcscn.
303 4665 337 4698 777
355 4666 461 4731 plmbes
481 4670 503 4718 1.
511 4669 537 4714 2.
545 4670 570 4715 5.
623 4663 657 4695 ⁷⁹⁷
675 4679 760 4729 rnmp.
774 4661 841 4730 icc]
862 4665 898 4714 cl.
913 4665 968 4713 Iucu.
982 4669 1035 4714 sat.
1050 4664 1110 4714 Vll.
1125 4663 1183 4714 117.
1203 4680 1327 4731 „rumpe
1347 4664 1393 4714 mi·

100 4763 158 4812 ser,
178 4754 285 4800 tensum
304 4751 405 4800 iecur''.
459 4750 493 4784 ⁸⁰¹
512 4766 598 4800 cause
618 4752 643 4799 3.
652 4753 706 4802 4.7.
758 4748 792 4783 777
809 4749 902 4800 locuto
921 4754 947 4800 3.
955 4752 980 4799 d.
990 4753 1013 4798 7.
