3294 5408
253 371 324 447 ¹80
350 400 468 436 ΗΕΗΑΜ
482 400 517 435 ΒΕ
532 401 622 436 BBLLO
636 401 709 438 SVSC.
723 402 788 436 ΔΜ.
800 400 900 436 VENBT.
911 402 945 434 ΕΤ
959 401 1065 435 ΤνΒῡΔΒ
1079 401 1181 435 ostento
1196 401 1326 436 ΜΛΧΙΙΙΒ.
1338 401 1403 439 AVG.
1414 402 1511 436 Dtcts.

428 614 432 621 .
477 555 630 616 Conclusio
650 572 706 630 per
727 556 1010 613 commiserationem
1031 561 1061 613 et
1081 555 1317 614 cohortationem.

182 679 241 730 §.ts
337 676 439 744 Nalile,
459 690 513 747 per
526 676 605 731 deum
621 676 815 741 immortalem,
837 675 918 729 nolite
934 677 997 744 pati
1014 681 1051 729 tat
1071 677 1188 730 iniurias
1207 679 1329 747 primum
1347 676 1427 740 vobis,
1447 676 1546 732 deinde

247 765 346 817 ceteris
367 760 544 828 Christianis,
572 768 670 832 postea
693 760 743 814 dea
767 759 938 830 redemptori
958 767 1052 815 nostro
1071 778 1088 813 a
1118 759 1225 815 Venetis
1247 770 1328 833 atque
1349 780 1366 815 a
1392 761 1491 816 Turcis
1513 764 1543 815 il-

248 847 319 902 lotus
340 846 459 918 amplius
480 845 581 901 inultas
599 861 634 900 ac
647 846 803 916 ‚impunitas
821 859 893 910 esse,
924 845 1015 915 quiin
1035 849 1238 916 eapuqnatioae
1258 847 1370 901 orientis
1391 852 1420 901 ut
1441 853 1544 900 caetera

248 928 448 1003 nefandissima
465 936 607 1002 praterea
622 932 650 984 ia
668 929 791 984 omnibus
810 929 915 999 templis
930 936 978 983 aut
996 931 1153 983 meretrices
1165 934 1375 999 prostituerunt,
1395 938 1444 985 aut
1460 946 1565 1004 equoss

249 1015 466 1082 stabulaverunt,
495 1019 544 1069 aut
564 1015 664 1086 templa
685 1017 746 1084 ipsa
771 1013 890 1067 demoliti
911 1020 987 1079 sunt,
1017 1021 1065 1067 aot
1086 1013 1265 1085 Maqianeclo,
1293 1014 1398 1069 homini
1416 1017 1544 1085 impuris·

247 1102 315 1156 mmo
336 1115 372 1154 ac
391 1096 604 1170 nefandissimo,
627 1113 706 1171 quem
722 1116 777 1170 pra
796 1098 845 1152 deo
868 1100 973 1163 colunt,
996 1098 1203 1165 dedicaverunt,
1227 1114 1291 1154 ossa
1304 1108 1472 1165 sanctorum,
1496 1115 1542 1154 rc-

247 1179 313 1264 {322⁰
322 1176 384 1263 οη··Ι
406 1185 505 1255 iiquias
519 1185 707 1239 sanctissimas
723 1182 836 1238 cortibus
857 1198 892 1237 ae
903 1184 1000 1253 porcis
1015 1183 1177 1250 obiecerunt,
1201 1186 1333 1254 imaqines
1347 1186 1478 1255 crucifici
1494 1184 1542 1239 da·

248 1271 315 1325 mirei
333 1270 423 1325 nostri
441 1267 507 1324 Iesu
526 1267 628 1325 Christi
634 1311 641 1336 ,
674 1266 741 1343 (heu
760 1270 867 1339 pietas!
893 1266 946 1321 heu
966 1270 1063 1339 prisca
1082 1268 1180 1338 haleso
1205 1270 1336 1340 imaqines
1354 1270 1487 1340 crucifixi
1506 1269 1545 1323 ad

247 1355 354 1410 caudas
376 1368 510 1426 equarum
537 1353 668 1425 deliqatas
691 1358 775 1407 extra
795 1354 915 1406 ciaitates
937 1353 965 1405 in
987 1359 1081 1405 costra
1101 1352 1140 1406 ad
1157 1367 1253 1407 sanum
1276 1361 1471 1424 tympanorum
1493 1369 1575 1408 ra·to

244 1445 358 1512 plantes
375 1443 457 1509 sputo
476 1453 606 1511 canoque
624 1438 763 1507 sonantes
782 1439 810 1490 ia
832 1438 989 1491 altissimam
1013 1452 1123 1491 erucem
1144 1441 1242 1491 iterum
1264 1440 1434 1494 sustulerunt
1452 1444 1480 1493 et
1499 1440 1541 1493 la·

181 1524 329 1596 §.ss-piace
349 1538 385 1578 ac
400 1522 516 1594 sapillas
537 1524 705 1578 eiaculanles
724 1523 954 1577 exclamaverunt
974 1520 1027 1575 ‘hic
1048 1528 1089 1576 est
1110 1522 1177 1576 deus
1199 1518 1442 1578 Christianorum’:
1472 1523 1543 1577 ludi·

246 1610 334 1664 brium
356 1607 525 1665 Christianae
537 1609 638 1679 pertis,
664 1607 715 1662 sed
741 1609 863 1661 maxime
890 1606 1103 1672 Germanorum,
1128 1621 1217 1677 penes
1235 1622 1304 1678 qnos
1325 1610 1470 1679 imperium
1493 1616 1541 1662 est.

246 1710 299 1749 cur
312 1694 397 1765 iqilur
412 1706 463 1748 aas
482 1708 537 1746 non
553 1693 683 1763 praeitis!
705 1707 757 1746 cur
778 1707 833 1745 nan
847 1690 994 1762 praefertis
1013 1692 1138 1744 aictriccs
1157 1693 1286 1762 aquilas?
1307 1699 1333 1746 et
1346 1694 1446 1763 reliqui
1460 1692 1540 1748 Chri-

245 1779 331 1833 eliani
350 1791 397 1833 aas
415 1782 565 1849 sequentur
590 1777 724 1832 adversus
753 1775 867 1831 Venetos
884 1777 1020 1845 primum,
1042 1777 1091 1846 qui
1111 1783 1175 1830 sunt
1195 1790 1272 1846 seqes
1294 1783 1319 1831 et
1341 1780 1456 1831 materia
1478 1784 1575 1833 tare-n,

245 1868 335 1918 tarum
357 1862 516 1929 malorum„
535 1860 632 1916 deinde
658 1861 792 1916 aduersus
811 1862 886 1930 ipsos
907 1862 1115 1914 immanissimos
1137 1861 1286 1916 Christiani
1304 1864 1419 1922 nominis
1441 1862 1541 1929 hostes,

248 1946 366 2002 maes.
410 1945 483 2001 Nom
500 1947 552 2001 ista
573 1952 664 2001 uestra
683 1946 746 1999 odia
765 1959 800 1998 ac
814 1944 883 1999 bella
899 1946 970 1999 inter
984 1960 1031 2002 aas
1050 1947 1182 2010 intestina,
1204 1947 1271 1999 istas
1289 1949 1452 2014 uenationes,
1474 1962 1540 2001 can-

245 2033 325 2099 oim'a,
341 2037 508 2098 structuras,
527 2031 640 2085 delicias
653 2037 768 2096 uestras,
790 2030 899 2095 liberos,
922 2045 1036 2096 uxores,
1058 2029 1131 2083 hanc
1147 2032 1227 2083 uitam
1244 2036 1361 2096 bostram
1379 2048 1435 2085 rena
1448 2049 1543 2102 parua

246 2132 336 2183 aura,
355 2132 412 2170 una
426 2131 519 2188 parra
539 2114 676 2186 febricula
694 2116 785 2169 omnia
808 2114 993 2180 commutabit,
1019 2117 1110 2169 omnia
1132 2120 1305 2185 corrumpet,
1331 2121 1358 2170 et
1375 2117 1460 2186 paulo
1477 2123 1544 2188 past

246 2199 317 2256 nihil
337 2205 425 2256 erunt.
470 2206 499 2254 at
520 2213 584 2255 ocra
603 2216 665 2272 quoe
686 2215 742 2269 pro
762 2199 935 2269 redemptore
957 2206 983 2253 et
1004 2206 1130 2253 creatore
1152 2198 1202 2252 deo
1231 2207 1325 2254 nostro
1352 2201 1476 2272 facietis,
1507 2216 1576 2258 eaeo

246 2284 319 2341 uehis
340 2290 479 2356 perpetua
504 2284 666 2347 manebunt,
695 2289 721 2338 el
737 2283 800 2338 dum
821 2286 911 2359 riaetis
930 2290 955 2337 et
976 2284 1040 2337 dum
1063 2283 1102 2336 ad
1118 2283 1280 2355 salicibrem
1301 2286 1383 2339 vitam
1405 2285 1543 2357 demiqra-

246 2369 315 2437 bitis,
336 2383 447 2441 semper
462 2383 509 2426 aas
521 2368 723 2425 comitabuntur
733 2368 944 2439 florescentem,
960 2368 1055 2422 cotidie
1071 2370 1157 2439 rnoqis
1172 2370 1313 2440 mapisqae
1332 2352 1439 2424 aeterna
1459 2372 1542 2440 fient:
1565 2415 1568 2418 .

246 2470 312 2509 nam
332 2454 361 2509 in
383 2453 445 2511 aliis
466 2454 558 2509 causis
580 2460 606 2508 et
626 2468 659 2508 eo
680 2469 742 2525 qnae
759 2452 862 2507 habetis
881 2470 969 2523 paruo
992 2460 1124 2507 momento
1143 2453 1312 2519 dilatentur,
1341 2461 1367 2508 et
1388 2471 1451 2525 quoe
1471 2471 1540 2526 pcr-

245 2538 323 2607 detis,
344 2554 495 2611 numquam
510 2538 724 2609 recuperabitis·
746 2544 773 2592 at
787 2552 851 2593 ocra
865 2539 893 2591 ia
915 2538 969 2591 hae
983 2539 1156 2592 sanctissima
1178 2539 1353 2608 expeditione
1369 2546 1395 2593 et
1413 2556 1476 2610 quae
1490 2540 1540 2595 ha·

199 2692 206 2699 ·
245 2622 326 2690 betis,
348 2624 653 2695 namquenamittetis,
676 2628 702 2676 et
723 2638 787 2694 quoe
805 2622 937 2692 perdetis,
958 2624 985 2676 ia
1007 2622 1158 2677 calceatus
1179 2621 1316 2677 thesauris
1331 2626 1405 2678 omni
1420 2630 1574 2695 tempore-is

178 2708 356 2767 §.incondita
381 2708 533 2780 reperietis.
577 2707 653 2778 Erqo
680 2706 847 2778 perfrinqite
873 2707 947 2761 islad
973 2707 1155 2773 obstaculum,
1184 2708 1331 2778 adaquate
1357 2724 1392 2763 ac
1413 2708 1542 2764 obstruite

246 2792 367 2849 omnium
383 2791 458 2848 heac
466 2793 715 2865 pestilentissimam
730 2791 865 2862 mephitim
883 2808 918 2846 ac
936 2795 1080 2857 sentinam,
1104 2791 1178 2845 hanc
1192 2794 1346 2863 aar-aqinem
1363 2801 1389 2847 et
1405 2796 1539 2865 praecipi-

246 2879 311 2933 tium
326 2879 446 2934 amnium
460 2879 607 2933 aiciorum:
622 2876 761 2931 vendicatc
775 2883 801 2930 et
815 2891 862 2930 aas
877 2883 903 2931 et
916 2875 1100 2933 Christianum
1117 2876 1207 2930 arbem
1226 2878 1253 2930 ia
1268 2877 1435 2938 libertatem.-
1449 2880 1543 2934 solvite

245 2976 328 3018 oasa
351 2967 424 3018 taam
444 2968 533 3017 metu!
560 2961 700 3018 eradicate
719 2969 822 3032 penas!
846 2963 958 3030 potestis
983 2973 1043 3015 esse
1067 2963 1115 3014 terti
1140 2962 1166 3014 si
1191 2961 1343 3032 relinquitis
1370 2976 1417 3016 eos
1442 2962 1541 3034 quibus

252 3046 383 3114 Venetiae,
406 3046 528 3114 Histria,
550 3047 696 3111 Liburnia,
719 3045 874 3111 Dalmatia,
900 3044 1037 3116 Corcyra,
1062 3044 1242 3116 Cephalania,
1266 3045 1440 3117 Zacynthus,
1462 3048 1574 3106 Nau-so

239 3132 344 3203 plium,
375 3132 456 3188 Creta
480 3147 515 3187 ac
537 3132 645 3203 Cyprus
663 3129 756 3184 adhuc
772 3133 932 3200 supersint?
954 3129 1108 3200 Patefacite
1129 3134 1195 3185 istas
1216 3131 1387 3185 execrabiles
1410 3148 1444 3186 ac
1461 3134 1541 3187 diras

240 3224 342 3288 portos
370 3214 549 3283 Venetianas,
576 3231 639 3288 quae
665 3214 769 3269 tamdiu
789 3213 957 3270 Christianos
985 3215 1120 3268 adversus
1150 3215 1272 3285 infideles
1292 3216 1429 3287 propredi
1449 3218 1538 3272 elabo-

245 3307 343 3357 rantes
360 3303 565 3369 contiaucruat,
583 3308 681 3370 postea
704 3299 754 3354 cleo
769 3307 882 3354 anctore
904 3306 1001 3370 aperto
1016 3306 1105 3354 marte
1121 3298 1269 3354 maioribus
1283 3303 1415 3371 auspiciis
1432 3300 1542 3356 Turcas

245 3388 422 3458 oppressuri.-
441 3392 468 3441 et
487 3401 520 3441 ea
536 3387 651 3455 pietate,
674 3401 729 3456 qua
745 3386 944 3438 sanctissimum
963 3385 1101 3439 dominnm
1123 3390 1245 3439 nastrum
1264 3384 1363 3440 lulium
1383 3387 1541 3457 pontificem

244 3472 410 3540 marimum,
432 3487 487 3542 qua
510 3469 767 3526 christianissimum
788 3476 911 3524 nostrum
932 3468 1108 3545 Erarscornm
1133 3469 1234 3540 Reqem
1254 3476 1280 3522 et
1295 3469 1460 3526 Catholicum
1484 3468 1574 3532 lle-aa

243 3569 304 3628 qem
319 3557 489 3627 Araqonum,
511 3555 654 3624 principes
667 3556 890 3625 sapientissimos,
910 3561 1018 3608 exactae
1038 3556 1125 3608 eatati's
1139 3561 1164 3607 et
1184 3557 1456 3609 consummatissima
1471 3558 1540 3624 aita’,

245 3647 302 3695 tres
335 3640 473 3697 columnas
501 3638 685 3697 Christianam
720 3640 876 3709 reliqianem
905 3640 962 3693 sais
989 3638 1111 3693 humeris
1137 3645 1320 3694 sustentantes
1347 3654 1407 3694 esse
1436 3641 1539 3715 ridetis,

243 3724 338 3779 eodem
357 3730 384 3780 et
401 3739 461 3791 aas,
484 3740 501 3781 o
522 3720 714 3778 Maximiliane
735 3725 864 3794 Auqaste,
882 3738 1019 3793 proceres
1038 3730 1064 3778 et
1082 3724 1202 3778 ciuitates
1221 3725 1329 3794 imperii
1348 3724 1475 3790 Romani,
1494 3728 1543 3797 qui

239 3808 336 3881 prima
358 3808 525 3879 sustinendae
545 3808 674 3863 libertatis
697 3823 731 3861 ac
755 3809 893 3879 reliqianis
912 3810 1039 3863 columna
1058 3802 1119 3862 esse
1138 3808 1256 3874 debetis,
1280 3816 1305 3863 et
1326 3810 1418 3863 aniano
1439 3817 1465 3864 et
1478 3812 1538 3880 pie·

244 3900 300 3948 tate
324 3907 384 3949 esse
409 3892 524 3948 debetis:
553 3908 618 3946 narn
648 3895 703 3946 nisi
729 3893 769 3945 illi
795 3893 923 3948 aistissent
950 3893 1090 3948 excidium
1116 3907 1151 3946 ac
1177 3895 1275 3948 ruinas
1296 3911 1313 3946 a
1342 3892 1450 3949 Venetis
1473 3903 1498 3949 et
1521 3913 1573 3955 aaa

247 3977 346 4033 iureis
360 3976 524 4034 Christianis
544 3978 686 4032 imminere
708 3980 942 4048 certissimamque
964 3979 1104 4032 victoriam
1126 3983 1288 4048 sperarent,
1312 3995 1453 4049 nunqnam
1468 3996 1538 4050 pra-

177 4061 446 4135 majestatemque
463 4064 535 4118 iusto
555 4077 590 4116 aa
609 4063 672 4132 pia,
703 4069 756 4115 tam
784 4069 881 4117 sancta
902 4063 1037 4118 aduersus
1058 4077 1104 4118 eas
1124 4078 1206 4116 arma
1228 4065 1415 4133 sumpsissent,
1461 4064 1540 4131 Diei,

246 4163 262 4202 o
284 4145 411 4203 Romane
433 4147 600 4220 Imperator,
622 4147 848 4217 oqloriosissime
865 4163 899 4202 ae
922 4147 1167 4202 exuberantissime
1188 4147 1256 4201 desis
1274 4148 1440 4218 redemptor,
1464 4148 1541 4204 dini:

245 4237 271 4287 et
289 4233 316 4286 si
335 4234 402 4304 quid
420 4232 533 4304 profeci
538 4275 545 4297 ,
574 4232 681 4303 qaudea
709 4232 831 4293 dixisse·
857 4233 954 4304 quodsi
982 4234 1063 4287 etiam
1085 4231 1154 4287 nihil
1170 4231 1297 4303 profeci,
1324 4237 1413 4287 tamen
1433 4234 1541 4304 qaudea

313 4395 333 4429 ¹⁸
352 4413 420 4448 arua
439 4401 496 4446 t.2.
521 4393 793 4447 ef.1eot.LV11.13.
817 4396 852 4457 (E
871 4411 952 4446 sacro
976 4402 1109 4462 suggestu
1133 4397 1287 4447 orationem
1310 4396 1414 4447 hebere
1438 4397 1541 4463 incipit

244 4480 393 4547 vulpecula
412 4479 546 4543 Gallico.)
614 4479 638 4512 ¹²
657 4477 772 4546 cotidie]
793 4483 842 4529 anit
862 4481 976 4530 indies.
1047 4478 1069 4510 ²³
1088 4480 1241 4551 diliabent‘:
1261 4485 1285 4531 t.
1344 4480 1366 4514 ²⁵
1386 4482 1538 4549 ci.evsng.

244 4579 302 4615 see.
314 4564 412 4615 ssetsh.
426 4564 458 4614 X.
473 4563 514 4616 39.
528 4565 615 4616 Mare.
629 4564 705 4614 VIII.
720 4562 762 4613 35.
776 4565 845 4613 Luc.
859 4564 906 4613 IX.
920 4564 961 4614 at.
1030 4562 1082 4596 ²¹³³
1100 4567 1281 4630 precipicium
1301 4568 1324 4614 l.
1389 4564 1440 4598 ³²⁸¹
1465 4568 1539 4617 Neu-

244 4644 338 4713 phium]
355 4650 410 4712 feci
426 4664 462 4699 ea
480 4648 587 4699 stabulis
607 4653 630 4698 1.
651 4647 731 4697 simul
744 4652 769 4697 2.
795 4654 890 4700 rectius
909 4646 1036 4713 Nauplia,
1058 4648 1154 4714 Nepoti
1171 4652 1199 4699 di
1218 4652 1331 4700 Romani.
1384 4651 1404 4683 ³¹
1426 4668 1540 4703 exacra-

244 4730 316 4783 blles
335 4735 359 4783 t.
411 4729 525 4783 ⁸⁸mete
545 4736 568 4783 t.
628 4732 758 4799 auspitiis
776 4736 802 4783 1.
875 4741 886 4752 ·
