<?xml version="1.0" encoding="UTF-8"?>
<!DOCTYPE html PUBLIC "-//W3C//DTD XHTML 1.0 Transitional//EN"
    "http://www.w3.org/TR/xhtml1/DTD/xhtml1-transitional.dtd">
<html xmlns="http://www.w3.org/1999/xhtml" xml:lang="en" lang="en">
 <head>
  <title>
</title>
<meta http-equiv="Content-Type" content="text/html;charset=utf-8" />
  <meta name='ocr-system' content='tesseract 3.04.00' />
  <meta name='ocr-capabilities' content='ocr_page ocr_carea ocr_par ocr_line ocrx_word'/>
</head>
<body>
  <div class='ocr_page' id='page_1' title='image "./ulrichihuttenie04huttgoog_0343.png"; bbox 0 0 3294 5408; ppageno 0'>
   <div class='ocr_carea' id='block_1_1' title="bbox 266 344 1255 422">
    <p class='ocr_par' dir='ltr' id='par_1_1' title="bbox 266 344 1255 422">
     <span class='ocr_line' id='line_1_1' title="bbox 266 344 1255 422; baseline -0.011 -8"><span class='ocrx_word' id='word_1_1' title='bbox 266 349 340 422; x_wconf 77' lang='grc'>294</span> <span class='ocrx_word' id='word_1_2' title='bbox 565 376 688 412; x_wconf 77' lang='lat' dir='ltr'>nur-reru</span> <span class='ocrx_word' id='word_1_3' title='bbox 702 376 737 410; x_wconf 83' lang='lat' dir='ltr'>nu</span> <span class='ocrx_word' id='word_1_4' title='bbox 752 344 908 409; x_wconf 72' lang='lat' dir='ltr'>rrsdsrvuu</span> <span class='ocrx_word' id='word_1_5' title='bbox 920 371 1089 407; x_wconf 76' lang='lat' dir='ltr'>venerentur</span> <span class='ocrx_word' id='word_1_6' title='bbox 1103 369 1255 404; x_wconf 79' lang='lat' dir='ltr'>tresorcru.</span> 
     </span>
    </p>
   </div>
   <div class='ocr_carea' id='block_1_2' title="bbox 419 524 1388 2651">
    <p class='ocr_par' dir='ltr' id='par_1_2' title="bbox 419 524 1290 905">
     <span class='ocr_line' id='line_1_2' title="bbox 467 524 1201 613; baseline -0.014 -18"><span class='ocrx_word' id='word_1_7' title='bbox 467 532 585 613; x_wconf 82' lang='lat' dir='ltr'>‘Regali</span> <span class='ocrx_word' id='word_1_8' title='bbox 608 553 623 592; x_wconf 85' lang='lat' dir='ltr'>a</span> <span class='ocrx_word' id='word_1_9' title='bbox 647 528 741 591; x_wconf 89' lang='lat' dir='ltr'>cuitu’</span> <span class='ocrx_word' id='word_1_10' title='bbox 763 528 913 608; x_wconf 81' lang='lat' dir='ltr'><strong>respondit</strong></span> <span class='ocrx_word' id='word_1_11' title='bbox 937 535 981 588; x_wconf 85' lang='lat' dir='ltr'>‘et</span> <span class='ocrx_word' id='word_1_12' title='bbox 1004 524 1078 587; x_wconf 90' lang='lat' dir='ltr'>urbe</span> <span class='ocrx_word' id='word_1_13' title='bbox 1100 524 1201 604; x_wconf 86' lang='lat' dir='ltr'>relego</span> 
     </span>
     <span class='ocr_line' id='line_1_3' title="bbox 469 627 1258 706; baseline -0.01 -10"><span class='ocrx_word' id='word_1_14' title='bbox 469 635 631 696; x_wconf 80' lang='lat' dir='ltr'>‘Piscatum</span> <span class='ocrx_word' id='word_1_15' title='bbox 653 634 795 700; x_wconf 90' lang='lat' dir='ltr'>Venetos;</span> <span class='ocrx_word' id='word_1_16' title='bbox 818 633 994 692; x_wconf 90' lang='lat' dir='ltr'>miserorum</span> <span class='ocrx_word' id='word_1_17' title='bbox 1020 627 1132 689; x_wconf 80' lang='lat' dir='ltr'>vincula</span> <span class='ocrx_word' id='word_1_18' title='bbox 1155 646 1258 706; x_wconf 80' lang='lat' dir='ltr'>regum</span> 
     </span>
     <span class='ocr_line' id='line_1_4' title="bbox 419 732 1290 812; baseline -0.01 -13"><span class='ocrx_word' id='word_1_19' title='bbox 419 759 455 800; x_wconf 84' lang='lat' dir='ltr'>ns</span> <span class='ocrx_word' id='word_1_20' title='bbox 471 737 523 799; x_wconf 84' lang='lat' dir='ltr'>&#39;Et</span> <span class='ocrx_word' id='word_1_21' title='bbox 544 736 624 798; x_wconf 89' lang='lat' dir='ltr'>diras</span> <span class='ocrx_word' id='word_1_22' title='bbox 646 735 727 797; x_wconf 83' lang='lat' dir='ltr'>soluo</span> <span class='ocrx_word' id='word_1_23' title='bbox 751 735 896 794; x_wconf 90' lang='lat' dir='ltr'>manicas:</span> <span class='ocrx_word' id='word_1_24' title='bbox 919 751 973 812; x_wconf 88' lang='lat' dir='ltr'>per</span> <span class='ocrx_word' id='word_1_25' title='bbox 996 751 1043 792; x_wconf 90' lang='lat' dir='ltr'>me</span> <span class='ocrx_word' id='word_1_26' title='bbox 1065 732 1162 791; x_wconf 87' lang='lat' dir='ltr'>omnia</span> <span class='ocrx_word' id='word_1_27' title='bbox 1186 733 1290 810; x_wconf 82' lang='lat' dir='ltr'>priscae</span> 
     </span>
     <span class='ocr_line' id='line_1_5' title="bbox 470 834 1264 905; baseline -0.01 -4"><span class='ocrx_word' id='word_1_28' title='bbox 470 838 642 901; x_wconf 75' lang='lat' dir='ltr'>‘Libertatis</span> <span class='ocrx_word' id='word_1_29' title='bbox 665 843 767 905; x_wconf 88' lang='lat' dir='ltr'>erunt;</span> <span class='ocrx_word' id='word_1_30' title='bbox 792 836 895 896; x_wconf 90' lang='lat' dir='ltr'>laciam</span> <span class='ocrx_word' id='word_1_31' title='bbox 919 834 1088 894; x_wconf 82' lang='lat' dir='ltr'>discrimine</span> <span class='ocrx_word' id='word_1_32' title='bbox 1111 835 1188 894; x_wconf 87' lang='lat' dir='ltr'>insto</span> <span class='ocrx_word' id='word_1_33' title='bbox 1261 894 1264 901; x_wconf 20' lang='grc' dir='ltr'><strong><em>Δ</em></strong></span> 
     </span>
    </p>

    <p class='ocr_par' dir='ltr' id='par_1_3' title="bbox 470 936 1388 1224">
     <span class='ocr_line' id='line_1_6' title="bbox 470 936 1170 1023; baseline -0.011 -20"><span class='ocrx_word' id='word_1_34' title='bbox 470 943 523 1005; x_wconf 80' lang='lat' dir='ltr'>‘Ut</span> <span class='ocrx_word' id='word_1_35' title='bbox 545 939 647 1021; x_wconf 91' lang='lat' dir='ltr'>populi</span> <span class='ocrx_word' id='word_1_36' title='bbox 670 942 727 1023; x_wconf 85' lang='lat' dir='ltr'>sint</span> <span class='ocrx_word' id='word_1_37' title='bbox 750 945 840 1017; x_wconf 86' lang='lat' dir='ltr'>utque</span> <span class='ocrx_word' id='word_1_38' title='bbox 863 937 967 1005; x_wconf 86' lang='lat' dir='ltr'>duces,</span> <span class='ocrx_word' id='word_1_39' title='bbox 992 936 1082 996; x_wconf 86' lang='lat' dir='ltr'>cirilla</span> <span class='ocrx_word' id='word_1_40' title='bbox 1106 938 1170 996; x_wconf 90' lang='lat' dir='ltr'>iura</span> 
     </span>
     <span class='ocr_line' id='line_1_7' title="bbox 470 1038 1204 1121; baseline -0.014 -15"><span class='ocrx_word' id='word_1_41' title='bbox 470 1043 615 1107; x_wconf 83' lang='lat' dir='ltr'>‘Urbibus</span> <span class='ocrx_word' id='word_1_42' title='bbox 635 1043 800 1121; x_wconf 87' lang='lat' dir='ltr'>imponam,</span> <span class='ocrx_word' id='word_1_43' title='bbox 825 1057 911 1118; x_wconf 83' lang='lat' dir='ltr'>reges</span> <span class='ocrx_word' id='word_1_44' title='bbox 933 1039 1037 1099; x_wconf 89' lang='lat' dir='ltr'>amissa</span> <span class='ocrx_word' id='word_1_45' title='bbox 1061 1038 1204 1099; x_wconf 88' lang='lat' dir='ltr'>tenebunt</span> 
     </span>
     <span class='ocr_line' id='line_1_8' title="bbox 470 1140 1388 1224; baseline -0.007 -16"><span class='ocrx_word' id='word_1_46' title='bbox 470 1140 545 1218; x_wconf 80' lang='lat' dir='ltr'>‘Qui</span> <span class='ocrx_word' id='word_1_47' title='bbox 567 1163 622 1224; x_wconf 90' lang='lat' dir='ltr'>per</span> <span class='ocrx_word' id='word_1_48' title='bbox 644 1163 691 1205; x_wconf 92' lang='lat' dir='ltr'>me</span> <span class='ocrx_word' id='word_1_49' title='bbox 714 1145 846 1222; x_wconf 86' lang='lat' dir='ltr'>cupient:</span> <span class='ocrx_word' id='word_1_50' title='bbox 870 1142 997 1202; x_wconf 92' lang='lat' dir='ltr'>studium</span> <span class='ocrx_word' id='word_1_51' title='bbox 1021 1148 1065 1201; x_wconf 88' lang='lat' dir='ltr'>est</span> <span class='ocrx_word' id='word_1_52' title='bbox 1086 1142 1201 1218; x_wconf 91' lang='lat' dir='ltr'>aperire</span> <span class='ocrx_word' id='word_1_53' title='bbox 1224 1142 1388 1202; x_wconf 80' lang='lat' dir='ltr'>revinctam</span> 
     </span>
    </p>

    <p class='ocr_par' dir='ltr' id='par_1_4' title="bbox 421 1240 1265 1734">
     <span class='ocr_line' id='line_1_9' title="bbox 421 1240 1212 1325; baseline -0.006 -16"><span class='ocrx_word' id='word_1_54' title='bbox 421 1269 457 1309; x_wconf 79' lang='lat' dir='ltr'>rao</span> <span class='ocrx_word' id='word_1_55' title='bbox 473 1240 511 1309; x_wconf 59' lang='lat' dir='ltr'>*A</span> <span class='ocrx_word' id='word_1_56' title='bbox 534 1247 652 1309; x_wconf 88' lang='lat' dir='ltr'>Venetis</span> <span class='ocrx_word' id='word_1_57' title='bbox 675 1254 783 1325; x_wconf 88' lang='lat' dir='ltr'>pacern&#39;</span> <span class='ocrx_word' id='word_1_58' title='bbox 801 1252 830 1305; x_wconf 87' lang='lat' dir='ltr'>et</span> <span class='ocrx_word' id='word_1_59' title='bbox 852 1253 911 1304; x_wconf 87' lang='lat' dir='ltr'>tnta</span> <span class='ocrx_word' id='word_1_60' title='bbox 936 1242 1040 1304; x_wconf 82' lang='lat' dir='ltr'>tellure</span> <span class='ocrx_word' id='word_1_61' title='bbox 1063 1252 1212 1322; x_wconf 86' lang='lat' dir='ltr'>receptam</span> 
     </span>
     <span class='ocr_line' id='line_1_10' title="bbox 470 1344 1221 1426; baseline -0.007 -15"><span class='ocrx_word' id='word_1_62' title='bbox 470 1348 609 1411; x_wconf 72' lang='lat' dir='ltr'>‘amicta</span> <span class='ocrx_word' id='word_1_63' title='bbox 630 1347 720 1409; x_wconf 70' lang='lat' dir='ltr'>ltaliae</span> <span class='ocrx_word' id='word_1_64' title='bbox 742 1364 910 1426; x_wconf 83' lang='lat' dir='ltr'>pressaeque</span> <span class='ocrx_word' id='word_1_65' title='bbox 933 1345 1089 1406; x_wconf 82' lang='lat' dir='ltr'>ostendere</span> <span class='ocrx_word' id='word_1_66' title='bbox 1111 1344 1221 1406; x_wconf 83' lang='lat' dir='ltr'>Romae.</span> 
     </span>
     <span class='ocr_line' id='line_1_11' title="bbox 470 1446 1239 1528; baseline -0.007 -15"><span class='ocrx_word' id='word_1_67' title='bbox 470 1450 602 1514; x_wconf 67' lang='lat' dir='ltr'>‘arcebo</span> <span class='ocrx_word' id='word_1_68' title='bbox 624 1468 766 1512; x_wconf 81' lang='lat' dir='ltr'><strong>excursus</strong></span> <span class='ocrx_word' id='word_1_69' title='bbox 788 1454 817 1509; x_wconf 93' lang='lat' dir='ltr'>et</span> <span class='ocrx_word' id='word_1_70' title='bbox 838 1456 953 1528; x_wconf 89' lang='lat' dir='ltr'>sumpta</span> <span class='ocrx_word' id='word_1_71' title='bbox 976 1446 1138 1508; x_wconf 80' lang='lat' dir='ltr'>latronibus</span> <span class='ocrx_word' id='word_1_72' title='bbox 1160 1465 1239 1508; x_wconf 90' lang='lat' dir='ltr'>arma</span> 
     </span>
     <span class='ocr_line' id='line_1_12' title="bbox 470 1549 1265 1632; baseline -0.006 -18"><span class='ocrx_word' id='word_1_73' title='bbox 470 1552 662 1632; x_wconf 72' lang='lat' dir='ltr'>‘lniringam</span> <span class='ocrx_word' id='word_1_74' title='bbox 684 1551 825 1631; x_wconf 75' lang='lat' dir='ltr'>legesque</span> <span class='ocrx_word' id='word_1_75' title='bbox 847 1550 922 1612; x_wconf 93' lang='lat' dir='ltr'>dabo</span> <span class='ocrx_word' id='word_1_76' title='bbox 939 1555 1137 1629; x_wconf 72' lang='lat' dir='ltr'>ereptamque</span> <span class='ocrx_word' id='word_1_77' title='bbox 1159 1549 1265 1612; x_wconf 90' lang='lat' dir='ltr'>tuebor</span> 
     </span>
     <span class='ocr_line' id='line_1_13' title="bbox 470 1651 1184 1734; baseline -0.011 -15"><span class='ocrx_word' id='word_1_78' title='bbox 470 1655 640 1719; x_wconf 81' lang='lat' dir='ltr'>‘Iustitiam</span> <span class='ocrx_word' id='word_1_79' title='bbox 664 1661 731 1733; x_wconf 89' lang='lat' dir='ltr'>post</span> <span class='ocrx_word' id='word_1_80' title='bbox 753 1655 803 1734; x_wconf 95' lang='lat' dir='ltr'>qui</span> <span class='ocrx_word' id='word_1_81' title='bbox 824 1654 899 1714; x_wconf 87' lang='lat' dir='ltr'>dctis</span> <span class='ocrx_word' id='word_1_82' title='bbox 921 1651 1081 1731; x_wconf 76' lang='lat' dir='ltr'>piscatibus</span> <span class='ocrx_word' id='word_1_83' title='bbox 1103 1652 1184 1712; x_wconf 92' lang='lat' dir='ltr'>orbis</span> 
     </span>
    </p>

    <p class='ocr_par' dir='ltr' id='par_1_5' title="bbox 421 1746 1334 2246">
     <span class='ocr_line' id='line_1_14' title="bbox 421 1746 1250 1837; baseline -0.005 -18"><span class='ocrx_word' id='word_1_84' title='bbox 421 1779 458 1821; x_wconf 83' lang='lat' dir='ltr'>ns</span> <span class='ocrx_word' id='word_1_85' title='bbox 474 1746 590 1837; x_wconf 77' lang='lat' dir='ltr'>²llegna</span> <span class='ocrx_word' id='word_1_86' title='bbox 612 1756 787 1818; x_wconf 89' lang='lat' dir='ltr'>allectarunt</span> <span class='ocrx_word' id='word_1_87' title='bbox 809 1762 890 1816; x_wconf 90' lang='lat' dir='ltr'>etse</span> <span class='ocrx_word' id='word_1_88' title='bbox 913 1771 1004 1834; x_wconf 88' lang='lat' dir='ltr'>penes</span> <span class='ocrx_word' id='word_1_89' title='bbox 1027 1772 1114 1814; x_wconf 91' lang='lat' dir='ltr'>onme</span> <span class='ocrx_word' id='word_1_90' title='bbox 1136 1753 1250 1815; x_wconf 88' lang='lat' dir='ltr'>subacti</span> 
     </span>
     <span class='ocr_line' id='line_1_15' title="bbox 471 1857 1290 1941; baseline -0.006 -19"><span class='ocrx_word' id='word_1_91' title='bbox 471 1861 651 1941; x_wconf 69' lang='lat' dir='ltr'>‘sperarunt</span> <span class='ocrx_word' id='word_1_92' title='bbox 672 1858 774 1919; x_wconf 91' lang='lat' dir='ltr'>mundi</span> <span class='ocrx_word' id='word_1_93' title='bbox 797 1864 885 1936; x_wconf 85' lang='lat' dir='ltr'>eaput</span> <span class='ocrx_word' id='word_1_94' title='bbox 906 1857 1122 1935; x_wconf 89' lang='lat' dir='ltr'>imperiumque</span> <span class='ocrx_word' id='word_1_95' title='bbox 1146 1857 1290 1926; x_wconf 86' lang='lat' dir='ltr'>iuturum,</span> 
     </span>
     <span class='ocr_line' id='line_1_16' title="bbox 472 1957 1244 2042; baseline -0.006 -18"><span class='ocrx_word' id='word_1_96' title='bbox 472 1959 602 2042; x_wconf 80' lang='lat' dir='ltr'>‘Quique</span> <span class='ocrx_word' id='word_1_97' title='bbox 625 1961 696 2022; x_wconf 92' lang='lat' dir='ltr'>mibi</span> <span class='ocrx_word' id='word_1_98' title='bbox 718 1958 796 2020; x_wconf 87' lang='lat' dir='ltr'>bello</span> <span class='ocrx_word' id='word_1_99' title='bbox 819 1965 848 2019; x_wconf 89' lang='lat' dir='ltr'>el</span> <span class='ocrx_word' id='word_1_100' title='bbox 869 1959 1027 2019; x_wconf 88' lang='lat' dir='ltr'>contractis</span> <span class='ocrx_word' id='word_1_101' title='bbox 1049 1957 1160 2018; x_wconf 90' lang='lat' dir='ltr'>viribus</span> <span class='ocrx_word' id='word_1_102' title='bbox 1182 1961 1244 2021; x_wconf 91' lang='lat' dir='ltr'>ausi</span> 
     </span>
     <span class='ocr_line' id='line_1_17' title="bbox 471 2060 1334 2140; baseline -0.006 -13"><span class='ocrx_word' id='word_1_103' title='bbox 471 2065 522 2127; x_wconf 84' lang='lat' dir='ltr'>‘Et</span> <span class='ocrx_word' id='word_1_104' title='bbox 546 2071 625 2126; x_wconf 87' lang='lat' dir='ltr'>terra</span> <span class='ocrx_word' id='word_1_105' title='bbox 647 2069 676 2125; x_wconf 92' lang='lat' dir='ltr'>et</span> <span class='ocrx_word' id='word_1_106' title='bbox 698 2068 813 2124; x_wconf 86' lang='lat' dir='ltr'>certare</span> <span class='ocrx_word' id='word_1_107' title='bbox 835 2061 924 2128; x_wconf 87' lang='lat' dir='ltr'>mari,</span> <span class='ocrx_word' id='word_1_108' title='bbox 949 2060 1027 2140; x_wconf 94' lang='lat' dir='ltr'>quod</span> <span class='ocrx_word' id='word_1_109' title='bbox 1050 2061 1163 2139; x_wconf 82' lang='lat' dir='ltr'>origine</span> <span class='ocrx_word' id='word_1_110' title='bbox 1186 2069 1334 2133; x_wconf 85' lang='lat' dir='ltr'>constant,</span> 
     </span>
     <span class='ocr_line' id='line_1_18' title="bbox 472 2162 1232 2246; baseline -0.005 -19"><span class='ocrx_word' id='word_1_111' title='bbox 472 2166 521 2228; x_wconf 85' lang='lat' dir='ltr'>‘lo</span> <span class='ocrx_word' id='word_1_112' title='bbox 544 2167 705 2246; x_wconf 81' lang='lat' dir='ltr'>piscatores</span> <span class='ocrx_word' id='word_1_113' title='bbox 727 2164 859 2243; x_wconf 77' lang='lat' dir='ltr'>redigant</span> <span class='ocrx_word' id='word_1_114' title='bbox 881 2162 1053 2242; x_wconf 88' lang='lat' dir='ltr'>priscasque</span> <span class='ocrx_word' id='word_1_115' title='bbox 1075 2180 1129 2241; x_wconf 90' lang='lat' dir='ltr'>per</span> <span class='ocrx_word' id='word_1_116' title='bbox 1152 2171 1232 2223; x_wconf 86' lang='lat' dir='ltr'>artes</span> 
     </span>
    </p>

    <p class='ocr_par' dir='ltr' id='par_1_6' title="bbox 421 2265 1305 2651">
     <span class='ocr_line' id='line_1_19' title="bbox 421 2265 1209 2342; baseline -0.006 -11"><span class='ocrx_word' id='word_1_117' title='bbox 421 2289 458 2331; x_wconf 80' lang='lat' dir='ltr'>reo</span> <span class='ocrx_word' id='word_1_118' title='bbox 473 2269 619 2329; x_wconf 81' lang='lat' dir='ltr'>‘Seruiani</span> <span class='ocrx_word' id='word_1_119' title='bbox 641 2267 713 2329; x_wconf 86' lang='lat' dir='ltr'>vada</span> <span class='ocrx_word' id='word_1_120' title='bbox 737 2274 766 2327; x_wconf 90' lang='lat' dir='ltr'>et</span> <span class='ocrx_word' id='word_1_121' title='bbox 787 2283 954 2326; x_wconf 76' lang='lat' dir='ltr'>aerumnoso</span> <span class='ocrx_word' id='word_1_122' title='bbox 978 2265 1074 2324; x_wconf 80' lang='lat' dir='ltr'>virere</span> <span class='ocrx_word' id='word_1_123' title='bbox 1096 2272 1209 2342; x_wconf 82' lang='lat' dir='ltr'>quaestu</span> 
     </span>
     <span class='ocr_line' id='line_1_20' title="bbox 474 2345 1193 2449; baseline -0.01 -17"><span class='ocrx_word' id='word_1_124' title='bbox 474 2371 599 2432; x_wconf 74' lang='lat' dir='ltr'>‘Brutos</span> <span class='ocrx_word' id='word_1_125' title='bbox 621 2375 707 2449; x_wconf 89' lang='lat' dir='ltr'>rapto</span> <span class='ocrx_word' id='word_1_126' title='bbox 730 2386 850 2447; x_wconf 77' lang='lat' dir='ltr'>cogam,</span> <span class='ocrx_word' id='word_1_127' title='bbox 873 2364 1031 2446; x_wconf 87' lang='lat' dir='ltr'>laceraqne</span> <span class='ocrx_word' id='word_1_128' title='bbox 1054 2367 1154 2427; x_wconf 88' lang='lat' dir='ltr'>carina</span> <span class='ocrx_word' id='word_1_129' title='bbox 1186 2345 1193 2363; x_wconf 78' lang='grc'>’</span> 
     </span>
     <span class='ocr_line' id='line_1_21' title="bbox 472 2467 1204 2547; baseline -0.008 -12"><span class='ocrx_word' id='word_1_130' title='bbox 472 2473 610 2535; x_wconf 80' lang='lat' dir='ltr'>‘Nautica</span> <span class='ocrx_word' id='word_1_131' title='bbox 632 2470 746 2532; x_wconf 89' lang='lat' dir='ltr'>sulcato</span> <span class='ocrx_word' id='word_1_132' title='bbox 769 2476 889 2530; x_wconf 84' lang='lat' dir='ltr'>cantare</span> <span class='ocrx_word' id='word_1_133' title='bbox 911 2468 1072 2529; x_wconf 87' lang='lat' dir='ltr'>celeumata</span> <span class='ocrx_word' id='word_1_134' title='bbox 1096 2467 1204 2547; x_wconf 89' lang='lat' dir='ltr'>punto’.</span> 
     </span>
     <span class='ocr_line' id='line_1_22' title="bbox 472 2569 1305 2651; baseline -0.002 -14"><span class='ocrx_word' id='word_1_135' title='bbox 472 2575 541 2637; x_wconf 83' lang='lat' dir='ltr'>llaee</span> <span class='ocrx_word' id='word_1_136' title='bbox 563 2574 708 2635; x_wconf 84' lang='lat' dir='ltr'>dicentem</span> <span class='ocrx_word' id='word_1_137' title='bbox 731 2570 864 2651; x_wconf 76' lang='lat' dir='ltr'>Aquilam</span> <span class='ocrx_word' id='word_1_138' title='bbox 888 2569 1078 2650; x_wconf 85' lang='lat' dir='ltr'>melitamque</span> <span class='ocrx_word' id='word_1_139' title='bbox 1100 2574 1198 2631; x_wconf 92' lang='lat' dir='ltr'>omnia</span> <span class='ocrx_word' id='word_1_140' title='bbox 1221 2573 1305 2635; x_wconf 88' lang='lat' dir='ltr'>iactis</span> 
     </span>
    </p>
   </div>
   <div class='ocr_carea' id='block_1_3' title="bbox 401 2672 1284 3160">
    <p class='ocr_par' dir='ltr' id='par_1_7' title="bbox 472 2672 1161 2754">
     <span class='ocr_line' id='line_1_23' title="bbox 472 2672 1161 2754; baseline -0.007 -16"><span class='ocrx_word' id='word_1_141' title='bbox 472 2676 579 2738; x_wconf 81' lang='lat' dir='ltr'>l‘leusu</span> <span class='ocrx_word' id='word_1_142' title='bbox 602 2681 783 2754; x_wconf 83' lang='lat' dir='ltr'>exceperunt</span> <span class='ocrx_word' id='word_1_143' title='bbox 804 2689 891 2750; x_wconf 82' lang='lat' dir='ltr'>reges</span> <span class='ocrx_word' id='word_1_144' title='bbox 913 2672 1036 2751; x_wconf 77' lang='lat' dir='ltr'>lauteque</span> <span class='ocrx_word' id='word_1_145' title='bbox 1058 2672 1161 2734; x_wconf 86' lang='lat' dir='ltr'>relecti</span> 
     </span>
    </p>

    <p class='ocr_par' dir='ltr' id='par_1_8' title="bbox 420 2770 1190 2955">
     <span class='ocr_line' id='line_1_24' title="bbox 420 2770 1190 2859; baseline -0.009 -17"><span class='ocrx_word' id='word_1_146' title='bbox 420 2799 458 2842; x_wconf 83' lang='lat' dir='ltr'>ras</span> <span class='ocrx_word' id='word_1_147' title='bbox 473 2778 619 2859; x_wconf 84' lang='lat' dir='ltr'>Optarunt</span> <span class='ocrx_word' id='word_1_148' title='bbox 641 2770 773 2857; x_wconf 84' lang='lat' dir='ltr'>eoeptum&#39;</span> <span class='ocrx_word' id='word_1_149' title='bbox 792 2777 864 2835; x_wconf 84' lang='lat' dir='ltr'>votis</span> <span class='ocrx_word' id='word_1_150' title='bbox 886 2775 1047 2835; x_wconf 85' lang='lat' dir='ltr'>succedere</span> <span class='ocrx_word' id='word_1_151' title='bbox 1071 2772 1190 2836; x_wconf 90' lang='lat' dir='ltr'>bellum.</span> 
     </span>
     <span class='ocr_line' id='line_1_25' title="bbox 472 2876 1161 2955; baseline -0.01 -12"><span class='ocrx_word' id='word_1_152' title='bbox 472 2880 584 2955; x_wconf 85' lang='lat' dir='ltr'>Quodsi</span> <span class='ocrx_word' id='word_1_153' title='bbox 606 2886 638 2941; x_wconf 91' lang='lat' dir='ltr'>tu</span> <span class='ocrx_word' id='word_1_154' title='bbox 660 2898 730 2941; x_wconf 85' lang='lat' dir='ltr'>casu</span> <span class='ocrx_word' id='word_1_155' title='bbox 752 2877 878 2939; x_wconf 89' lang='lat' dir='ltr'>Venetos</span> <span class='ocrx_word' id='word_1_156' title='bbox 901 2876 1032 2938; x_wconf 85' lang='lat' dir='ltr'>servabis</span> <span class='ocrx_word' id='word_1_157' title='bbox 1054 2877 1083 2937; x_wconf 94' lang='lat' dir='ltr'>in</span> <span class='ocrx_word' id='word_1_158' title='bbox 1107 2879 1161 2938; x_wconf 88' lang='lat' dir='ltr'>isto</span> 
     </span>
    </p>

    <p class='ocr_par' dir='ltr' id='par_1_9' title="bbox 401 2976 1284 3160">
     <span class='ocr_line' id='line_1_26' title="bbox 401 2976 1170 3058; baseline -0.013 -10"><span class='ocrx_word' id='word_1_159' title='bbox 401 2986 407 3001; x_wconf 59' lang='lat'>⁸</span> <span class='ocrx_word' id='word_1_160' title='bbox 472 2985 587 3047; x_wconf 72' lang='lat' dir='ltr'>essere</span> <span class='ocrx_word' id='word_1_161' title='bbox 609 2980 645 3042; x_wconf 92' lang='lat' dir='ltr'>ab</span> <span class='ocrx_word' id='word_1_162' title='bbox 669 2983 757 3052; x_wconf 87' lang='lat' dir='ltr'>irato,</span> <span class='ocrx_word' id='word_1_163' title='bbox 782 2976 837 3041; x_wconf 89' lang='lat' dir='ltr'>diis</span> <span class='ocrx_word' id='word_1_164' title='bbox 860 2978 997 3040; x_wconf 90' lang='lat' dir='ltr'>ulteriora</span> <span class='ocrx_word' id='word_1_165' title='bbox 1022 2987 1170 3058; x_wconf 90' lang='lat' dir='ltr'>potentem</span> 
     </span>
     <span class='ocr_line' id='line_1_27' title="bbox 473 3080 1284 3160; baseline -0.007 -14"><span class='ocrx_word' id='word_1_166' title='bbox 473 3085 516 3148; x_wconf 85' lang='lat' dir='ltr'>Te</span> <span class='ocrx_word' id='word_1_167' title='bbox 537 3085 648 3153; x_wconf 80' lang='lat' dir='ltr'>dicam,</span> <span class='ocrx_word' id='word_1_168' title='bbox 673 3083 820 3152; x_wconf 85' lang='lat' dir='ltr'>Fortuna,</span> <span class='ocrx_word' id='word_1_169' title='bbox 844 3081 929 3144; x_wconf 89' lang='lat' dir='ltr'>deam</span> <span class='ocrx_word' id='word_1_170' title='bbox 953 3080 1127 3160; x_wconf 90' lang='lat' dir='ltr'>templisque</span> <span class='ocrx_word' id='word_1_171' title='bbox 1150 3081 1284 3142; x_wconf 87' lang='lat' dir='ltr'>sacrabo.</span> 
     </span>
    </p>
   </div>
   <div class='ocr_carea' id='block_1_4' title="bbox 867 3221 961 3263">
    <p class='ocr_par' dir='ltr' id='par_1_10' title="bbox 867 3221 961 3263">
     <span class='ocr_line' id='line_1_28' title="bbox 867 3221 961 3263; baseline -0.021 0"><span class='ocrx_word' id='word_1_172' title='bbox 867 3221 961 3263; x_wconf 74' lang='lat' dir='ltr'>runs.</span> 
     </span>
    </p>
   </div>
   <div class='ocr_carea' id='block_1_5' title="bbox 271 3291 473 3303">
    <p class='ocr_par' dir='ltr' id='par_1_11' title="bbox 271 3291 473 3303">
     <span class='ocr_line' id='line_1_29' title="bbox 271 3291 473 3303; baseline -0.005 -1"><span class='ocrx_word' id='word_1_173' title='bbox 271 3291 473 3303; x_wconf 52' lang='lat' dir='ltr'>—ss</span> 
     </span>
    </p>
   </div>
   <div class='ocr_carea' id='block_1_6' title="bbox 268 3380 1575 4312">
    <p class='ocr_par' dir='ltr' id='par_1_12' title="bbox 268 3380 1575 4312">
     <span class='ocr_line' id='line_1_30' title="bbox 337 3380 1575 3458; baseline 0.002 -15"><span class='ocrx_word' id='word_1_174' title='bbox 337 3390 371 3425; x_wconf 74' lang='lat'>¹¹⁸</span> <span class='ocrx_word' id='word_1_175' title='bbox 393 3391 454 3443; x_wconf 79' lang='lat' dir='ltr'>Non</span> <span class='ocrx_word' id='word_1_176' title='bbox 472 3392 529 3456; x_wconf 80' lang='lat' dir='ltr'>sie,</span> <span class='ocrx_word' id='word_1_177' title='bbox 552 3388 742 3442; x_wconf 77' lang='lat' dir='ltr'>Maximiliane</span> <span class='ocrx_word' id='word_1_178' title='bbox 760 3389 927 3449; x_wconf 84' lang='lat' dir='ltr'>Hntteniee‚</span> <span class='ocrx_word' id='word_1_179' title='bbox 952 3403 1005 3438; x_wconf 93' lang='lat' dir='ltr'>non</span> <span class='ocrx_word' id='word_1_180' title='bbox 1029 3380 1083 3450; x_wconf 86' lang='lat' dir='ltr'>sie;</span> <span class='ocrx_word' id='word_1_181' title='bbox 1107 3402 1170 3438; x_wconf 89' lang='lat' dir='ltr'>nam</span> <span class='ocrx_word' id='word_1_182' title='bbox 1195 3393 1223 3438; x_wconf 92' lang='lat' dir='ltr'>et</span> <span class='ocrx_word' id='word_1_183' title='bbox 1247 3386 1341 3455; x_wconf 86' lang='lat' dir='ltr'>populi</span> <span class='ocrx_word' id='word_1_184' title='bbox 1364 3389 1435 3440; x_wconf 88' lang='lat' dir='ltr'>mori</span> <span class='ocrx_word' id='word_1_185' title='bbox 1455 3390 1575 3458; x_wconf 81' lang='lat' dir='ltr'>quiden</span> 
     </span>
     <span class='ocr_line' id='line_1_31' title="bbox 270 3473 1574 3545; baseline 0.002 -16"><span class='ocrx_word' id='word_1_186' title='bbox 270 3481 393 3545; x_wconf 83' lang='lat' dir='ltr'>possunt,</span> <span class='ocrx_word' id='word_1_187' title='bbox 412 3476 461 3528; x_wconf 88' lang='lat' dir='ltr'>sed</span> <span class='ocrx_word' id='word_1_188' title='bbox 480 3478 509 3527; x_wconf 91' lang='lat' dir='ltr'>in</span> <span class='ocrx_word' id='word_1_189' title='bbox 526 3481 634 3528; x_wconf 88' lang='lat' dir='ltr'>uterum</span> <span class='ocrx_word' id='word_1_190' title='bbox 651 3475 724 3526; x_wconf 86' lang='lat' dir='ltr'>unde</span> <span class='ocrx_word' id='word_1_191' title='bbox 744 3476 831 3526; x_wconf 85' lang='lat' dir='ltr'>exorti</span> <span class='ocrx_word' id='word_1_192' title='bbox 850 3482 914 3524; x_wconf 88' lang='lat' dir='ltr'>sunt</span> <span class='ocrx_word' id='word_1_193' title='bbox 932 3475 1027 3540; x_wconf 83' lang='lat' dir='ltr'>recogi</span> <span class='ocrx_word' id='word_1_194' title='bbox 1044 3488 1098 3523; x_wconf 90' lang='lat' dir='ltr'>non</span> <span class='ocrx_word' id='word_1_195' title='bbox 1116 3479 1238 3539; x_wconf 77' lang='lat' dir='ltr'>possunt</span> <span class='ocrx_word' id='word_1_196' title='bbox 1268 3473 1396 3526; x_wconf 83' lang='lat' dir='ltr'>Ceterum</span> <span class='ocrx_word' id='word_1_197' title='bbox 1413 3473 1501 3528; x_wconf 80' lang='lat' dir='ltr'>hodie</span> <span class='ocrx_word' id='word_1_198' title='bbox 1515 3492 1574 3531; x_wconf 80' lang='lat' dir='ltr'>nec</span> 
     </span>
     <span class='ocr_line' id='line_1_32' title="bbox 268 3556 1572 3632; baseline -0.002 -17"><span class='ocrx_word' id='word_1_199' title='bbox 268 3564 408 3615; x_wconf 82' lang='lat' dir='ltr'>Hultsnus</span> <span class='ocrx_word' id='word_1_200' title='bbox 425 3563 450 3613; x_wconf 89' lang='lat' dir='ltr'>si</span> <span class='ocrx_word' id='word_1_201' title='bbox 468 3563 576 3614; x_wconf 82' lang='lat' dir='ltr'>vireret</span> <span class='ocrx_word' id='word_1_202' title='bbox 588 3561 694 3627; x_wconf 78' lang='lat' dir='ltr'>Aquilae</span> <span class='ocrx_word' id='word_1_203' title='bbox 713 3565 807 3626; x_wconf 83' lang='lat' dir='ltr'>perles</span> <span class='ocrx_word' id='word_1_204' title='bbox 819 3564 914 3611; x_wconf 85' lang='lat' dir='ltr'>eontra</span> <span class='ocrx_word' id='word_1_205' title='bbox 927 3560 1033 3610; x_wconf 76' lang='lat' dir='ltr'>lienam</span> <span class='ocrx_word' id='word_1_206' title='bbox 1046 3559 1217 3610; x_wconf 82' lang='lat' dir='ltr'>defenderet.</span> <span class='ocrx_word' id='word_1_207' title='bbox 1269 3556 1301 3592; x_wconf 74' lang='lat'>¹⁸⁹</span> <span class='ocrx_word' id='word_1_208' title='bbox 1320 3559 1362 3609; x_wconf 71' lang='grc' dir='ltr'>Οἱ.</span> <span class='ocrx_word' id='word_1_209' title='bbox 1376 3575 1464 3627; x_wconf 74' lang='lat' dir='ltr'>supra</span> <span class='ocrx_word' id='word_1_210' title='bbox 1480 3576 1572 3632; x_wconf 72' lang='lat' dir='ltr'>pagg.</span> 
     </span>
     <span class='ocr_line' id='line_1_33' title="bbox 270 3642 1571 3714; baseline 0.002 -16"><span class='ocrx_word' id='word_1_211' title='bbox 270 3645 327 3699; x_wconf 78' lang='lat'>102.</span> <span class='ocrx_word' id='word_1_212' title='bbox 334 3662 393 3714; x_wconf 88' lang='lat' dir='ltr'>sqq.</span> <span class='ocrx_word' id='word_1_213' title='bbox 405 3646 590 3699; x_wconf 78' lang='lat' dir='ltr'>Maximilisni</span> <span class='ocrx_word' id='word_1_214' title='bbox 602 3648 665 3713; x_wconf 87' lang='lat' dir='ltr'>imp.</span> <span class='ocrx_word' id='word_1_215' title='bbox 680 3660 839 3713; x_wconf 86' lang='lat' dir='ltr'>responsum</span> <span class='ocrx_word' id='word_1_216' title='bbox 845 3646 961 3696; x_wconf 90' lang='lat' dir='ltr'>Venetis</span> <span class='ocrx_word' id='word_1_217' title='bbox 973 3645 1128 3696; x_wconf 87' lang='lat' dir='ltr'>oratoribus</span> <span class='ocrx_word' id='word_1_218' title='bbox 1141 3646 1242 3695; x_wconf 83' lang='lat' dir='ltr'>datum.</span> <span class='ocrx_word' id='word_1_219' title='bbox 1284 3642 1318 3677; x_wconf 82' lang='lat'>¹⁸⁰</span> <span class='ocrx_word' id='word_1_220' title='bbox 1330 3660 1476 3698; x_wconf 85' lang='lat' dir='ltr'>erumnose</span> <span class='ocrx_word' id='word_1_221' title='bbox 1490 3650 1571 3700; x_wconf 77' lang='grc'><strong><em>1...3.</em></strong></span> 
     </span>
     <span class='ocr_line' id='line_1_34' title="bbox 270 3726 1574 3799; baseline 0.002 -16"><span class='ocrx_word' id='word_1_222' title='bbox 270 3730 303 3766; x_wconf 77' lang='lat'>¹⁸⁸</span> <span class='ocrx_word' id='word_1_223' title='bbox 320 3730 461 3794; x_wconf 76' lang='lat' dir='ltr'>celeuma,</span> <span class='ocrx_word' id='word_1_224' title='bbox 475 3726 607 3799; x_wconf 69' lang='lat' dir='ltr'>elisama,</span> <span class='ocrx_word' id='word_1_225' title='bbox 621 3726 770 3798; x_wconf 71' lang='grc' dir='ltr'><strong><em>κέλευσμα,</em></strong></span> <span class='ocrx_word' id='word_1_226' title='bbox 786 3731 899 3795; x_wconf 85' lang='lat' dir='ltr'>elamor,</span> <span class='ocrx_word' id='word_1_227' title='bbox 917 3732 1023 3782; x_wconf 86' lang='lat' dir='ltr'>sonitus</span> <span class='ocrx_word' id='word_1_228' title='bbox 1036 3746 1057 3786; x_wconf 88' lang='lat' dir='ltr'>s.</span> <span class='ocrx_word' id='word_1_229' title='bbox 1072 3731 1219 3794; x_wconf 82' lang='lat' dir='ltr'>canticum,</span> <span class='ocrx_word' id='word_1_230' title='bbox 1240 3746 1292 3796; x_wconf 89' lang='lat' dir='ltr'>qno</span> <span class='ocrx_word' id='word_1_231' title='bbox 1304 3734 1398 3781; x_wconf 75' lang='lat' dir='ltr'>nautae</span> <span class='ocrx_word' id='word_1_232' title='bbox 1409 3731 1574 3786; x_wconf 80' lang='lat' dir='ltr'>ineitsntur</span> 
     </span>
     <span class='ocr_line' id='line_1_35' title="bbox 270 3816 1572 3886; baseline 0.002 -16"><span class='ocrx_word' id='word_1_233' title='bbox 270 3822 446 3886; x_wconf 71' lang='lat' dir='ltr'>regunturve.</span> <span class='ocrx_word' id='word_1_234' title='bbox 482 3819 636 3869; x_wconf 86' lang='lat' dir='ltr'>Hutlenum</span> <span class='ocrx_word' id='word_1_235' title='bbox 655 3818 739 3868; x_wconf 84' lang='lat' dir='ltr'>etiam</span> <span class='ocrx_word' id='word_1_236' title='bbox 758 3817 847 3882; x_wconf 87' lang='lat' dir='ltr'>ipsum</span> <span class='ocrx_word' id='word_1_237' title='bbox 866 3816 1048 3867; x_wconf 78' lang='lat' dir='ltr'>naviculariis</span> <span class='ocrx_word' id='word_1_238' title='bbox 1066 3818 1194 3874; x_wconf 86' lang='lat' dir='ltr'>Venetis,</span> <span class='ocrx_word' id='word_1_239' title='bbox 1218 3830 1330 3881; x_wconf 87' lang='lat' dir='ltr'>quorum</span> <span class='ocrx_word' id='word_1_240' title='bbox 1354 3817 1469 3869; x_wconf 76' lang='lat' dir='ltr'>cantica</span> <span class='ocrx_word' id='word_1_241' title='bbox 1490 3821 1572 3872; x_wconf 82' lang='lat' dir='ltr'>vosi-</span> 
     </span>
     <span class='ocr_line' id='line_1_36' title="bbox 269 3900 1571 3971; baseline 0.002 -16"><span class='ocrx_word' id='word_1_242' title='bbox 269 3903 475 3971; x_wconf 82' lang='lat' dir='ltr'>lsrstionesque</span> <span class='ocrx_word' id='word_1_243' title='bbox 494 3902 583 3954; x_wconf 78' lang='lat' dir='ltr'>adhuc</span> <span class='ocrx_word' id='word_1_244' title='bbox 602 3904 692 3954; x_wconf 85' lang='lat' dir='ltr'>audiri</span> <span class='ocrx_word' id='word_1_245' title='bbox 710 3907 824 3968; x_wconf 88' lang='lat' dir='ltr'>possunt</span> <span class='ocrx_word' id='word_1_246' title='bbox 843 3918 875 3951; x_wconf 90' lang='lat' dir='ltr'>ex</span> <span class='ocrx_word' id='word_1_247' title='bbox 894 3902 986 3952; x_wconf 88' lang='lat' dir='ltr'>oribus</span> <span class='ocrx_word' id='word_1_248' title='bbox 1006 3902 1041 3952; x_wconf 88' lang='lat' dir='ltr'>ab</span> <span class='ocrx_word' id='word_1_249' title='bbox 1059 3901 1159 3967; x_wconf 78' lang='lat' dir='ltr'>Aquila</span> <span class='ocrx_word' id='word_1_250' title='bbox 1178 3900 1391 3954; x_wconf 79' lang='lat' dir='ltr'>dilaceratorem</span> <span class='ocrx_word' id='word_1_251' title='bbox 1413 3903 1571 3963; x_wconf 82' lang='lat' dir='ltr'>bominum,</span> 
     </span>
     <span class='ocr_line' id='line_1_37' title="bbox 271 3986 1571 4053; baseline 0.002 -13"><span class='ocrx_word' id='word_1_252' title='bbox 271 3988 337 4040; x_wconf 88' lang='lat' dir='ltr'>olim</span> <span class='ocrx_word' id='word_1_253' title='bbox 349 4004 426 4040; x_wconf 77' lang='lat' dir='ltr'>mum</span> <span class='ocrx_word' id='word_1_254' title='bbox 439 4004 499 4041; x_wconf 90' lang='lat' dir='ltr'>esse</span> <span class='ocrx_word' id='word_1_255' title='bbox 520 3994 638 4040; x_wconf 84' lang='lat' dir='ltr'>constat.</span> <span class='ocrx_word' id='word_1_256' title='bbox 692 3987 779 4032; x_wconf 58' lang='grc' dir='ltr'>ΜΦ</span> <span class='ocrx_word' id='word_1_257' title='bbox 798 3989 935 4038; x_wconf 82' lang='lat' dir='ltr'>Huttenus</span> <span class='ocrx_word' id='word_1_258' title='bbox 949 3988 1096 4037; x_wconf 77' lang='lat' dir='ltr'>Fortunam</span> <span class='ocrx_word' id='word_1_259' title='bbox 1115 3988 1204 4053; x_wconf 86' lang='lat' dir='ltr'>ipsum</span> <span class='ocrx_word' id='word_1_260' title='bbox 1217 3988 1264 4038; x_wconf 84' lang='lat' dir='ltr'>vix</span> <span class='ocrx_word' id='word_1_261' title='bbox 1276 3986 1367 4040; x_wconf 84' lang='lat' dir='ltr'>salvos</span> <span class='ocrx_word' id='word_1_262' title='bbox 1380 3988 1507 4042; x_wconf 80' lang='lat' dir='ltr'>Venetos</span> <span class='ocrx_word' id='word_1_263' title='bbox 1527 3992 1571 4043; x_wconf 82' lang='lat' dir='ltr'>fs·</span> 
     </span>
     <span class='ocr_line' id='line_1_38' title="bbox 271 4071 1571 4141; baseline 0.004 -16"><span class='ocrx_word' id='word_1_264' title='bbox 271 4089 335 4126; x_wconf 84' lang='lat' dir='ltr'>cers</span> <span class='ocrx_word' id='word_1_265' title='bbox 353 4088 448 4140; x_wconf 86' lang='lat' dir='ltr'>posse,</span> <span class='ocrx_word' id='word_1_266' title='bbox 474 4080 504 4125; x_wconf 85' lang='lat' dir='ltr'>at</span> <span class='ocrx_word' id='word_1_267' title='bbox 521 4090 574 4125; x_wconf 88' lang='lat' dir='ltr'>non</span> <span class='ocrx_word' id='word_1_268' title='bbox 593 4090 655 4126; x_wconf 88' lang='lat' dir='ltr'>sese</span> <span class='ocrx_word' id='word_1_269' title='bbox 679 4080 776 4141; x_wconf 85' lang='lat' dir='ltr'>optare</span> <span class='ocrx_word' id='word_1_270' title='bbox 793 4080 824 4125; x_wconf 90' lang='lat' dir='ltr'>ut</span> <span class='ocrx_word' id='word_1_271' title='bbox 842 4074 940 4124; x_wconf 88' lang='lat' dir='ltr'>fierent</span> <span class='ocrx_word' id='word_1_272' title='bbox 958 4071 1044 4135; x_wconf 83' lang='lat' dir='ltr'>salvi,</span> <span class='ocrx_word' id='word_1_273' title='bbox 1069 4073 1228 4139; x_wconf 80' lang='lat' dir='ltr'>significare</span> <span class='ocrx_word' id='word_1_274' title='bbox 1246 4072 1346 4133; x_wconf 85' lang='lat' dir='ltr'>voluit,</span> <span class='ocrx_word' id='word_1_275' title='bbox 1370 4077 1401 4123; x_wconf 84' lang='lat' dir='ltr'>ul</span> <span class='ocrx_word' id='word_1_276' title='bbox 1419 4090 1455 4126; x_wconf 86' lang='lat' dir='ltr'>ex</span> <span class='ocrx_word' id='word_1_277' title='bbox 1473 4079 1571 4129; x_wconf 83' lang='lat' dir='ltr'>novis·</span> 
     </span>
     <span class='ocr_line' id='line_1_39' title="bbox 272 4159 1572 4227; baseline 0.005 -18"><span class='ocrx_word' id='word_1_278' title='bbox 272 4160 340 4211; x_wconf 85' lang='lat' dir='ltr'>simo</span> <span class='ocrx_word' id='word_1_279' title='bbox 361 4174 442 4211; x_wconf 84' lang='lat' dir='ltr'>versu</span> <span class='ocrx_word' id='word_1_280' title='bbox 460 4160 548 4212; x_wconf 85' lang='lat' dir='ltr'>rideri</span> <span class='ocrx_word' id='word_1_281' title='bbox 567 4162 663 4227; x_wconf 88' lang='lat' dir='ltr'>possit,</span> <span class='ocrx_word' id='word_1_282' title='bbox 684 4164 729 4227; x_wconf 93' lang='lat' dir='ltr'>qui</span> <span class='ocrx_word' id='word_1_283' title='bbox 748 4161 840 4227; x_wconf 84' lang='lat' dir='ltr'>aptior</span> <span class='ocrx_word' id='word_1_284' title='bbox 857 4160 891 4210; x_wconf 89' lang='lat' dir='ltr'>sd</span> <span class='ocrx_word' id='word_1_285' title='bbox 904 4160 1070 4209; x_wconf 87' lang='lat' dir='ltr'>Venetorum</span> <span class='ocrx_word' id='word_1_286' title='bbox 1088 4159 1175 4209; x_wconf 89' lang='lat' dir='ltr'>bostis</span> <span class='ocrx_word' id='word_1_287' title='bbox 1193 4165 1313 4209; x_wconf 89' lang='lat' dir='ltr'>mentem</span> <span class='ocrx_word' id='word_1_288' title='bbox 1325 4160 1367 4209; x_wconf 90' lang='lat' dir='ltr'>sic</span> <span class='ocrx_word' id='word_1_289' title='bbox 1379 4160 1572 4215; x_wconf 84' lang='lat' dir='ltr'>scriberetur:</span> 
     </span>
     <span class='ocr_line' id='line_1_40' title="bbox 271 4242 1408 4312; baseline 0.002 -18"><span class='ocrx_word' id='word_1_290' title='bbox 271 4243 311 4295; x_wconf 83' lang='lat' dir='ltr'>Te</span> <span class='ocrx_word' id='word_1_291' title='bbox 331 4243 437 4308; x_wconf 84' lang='lat' dir='ltr'>dicent,</span> <span class='ocrx_word' id='word_1_292' title='bbox 456 4247 596 4310; x_wconf 85' lang='lat' dir='ltr'>Fortuna,</span> <span class='ocrx_word' id='word_1_293' title='bbox 615 4246 695 4297; x_wconf 88' lang='lat' dir='ltr'>deam</span> <span class='ocrx_word' id='word_1_294' title='bbox 714 4246 877 4312; x_wconf 81' lang='lat' dir='ltr'>templisque</span> <span class='ocrx_word' id='word_1_295' title='bbox 897 4245 1055 4295; x_wconf 87' lang='lat' dir='ltr'>sacrabunt.</span> <span class='ocrx_word' id='word_1_296' title='bbox 1127 4242 1157 4276; x_wconf 72' lang='lat'>¹⁸⁸</span> <span class='ocrx_word' id='word_1_297' title='bbox 1176 4260 1261 4296; x_wconf 82' lang='lat' dir='ltr'>rrnrs.</span> <span class='ocrx_word' id='word_1_298' title='bbox 1275 4261 1322 4296; x_wconf 87' lang='lat' dir='ltr'>om.</span> <span class='ocrx_word' id='word_1_299' title='bbox 1335 4248 1408 4304; x_wconf 75' lang='lat' dir='ltr'>2..,s.</span> 
     </span>
    </p>
   </div>
   <div class='ocr_carea' id='block_1_7' title="bbox 769 4484 1073 4495">
    <p class='ocr_par' dir='ltr' id='par_1_13' title="bbox 769 4484 1073 4495">
     <span class='ocr_line' id='line_1_41' title="bbox 769 4484 1073 4495; baseline -0.013 0"><span class='ocrx_word' id='word_1_300' title='bbox 769 4484 1073 4495; x_wconf 82' lang='lat'><em>—.-.-.-—-—-—-</em></span> 
     </span>
    </p>
   </div>
   <div class='ocr_carea' id='block_1_8' title="bbox 0 0 1652 5408">
    <p class='ocr_par' dir='ltr' id='par_1_14' title="bbox 0 0 1652 5408">
     <span class='ocr_line' id='line_1_42' title="bbox 0 0 1652 5408; baseline 0 0"><span class='ocrx_word' id='word_1_301' title='bbox 0 0 1652 5408; x_wconf 95' lang='lat' dir='ltr'> </span> 
     </span>
    </p>
   </div>
  </div>
 </body>
</html>
