3294 5408
259 383 408 420 summm
424 384 458 418 DE
472 383 589 418 VBRKTAE
603 382 686 418 vuots
700 381 845 419 APPABATV
859 383 1058 420 PANEGYBIGVN
1072 383 1192 420 CABREN.
1206 383 1364 421 ORACVLVU·
1395 356 1469 427 325

324 563 362 601 soa
379 542 429 597 ‘ln
452 543 607 613 mensisque
627 543 724 613 iuqens
743 545 853 613 arpenti
868 543 981 614 pondus
1001 548 1028 597 ct
1047 546 1113 599 auri
1118 549 1131 599 ,²

376 629 445 681 ‘Aut
462 626 530 697 quid
548 628 663 683 votivam
682 627 826 698 trepidatis
844 629 949 699 iqnibus
967 644 1063 695 arom,
1322 624 1470 703 fggf‘fflffl‘·

376 718 383 740 ⁴
393 711 555 782 Queeutaque
571 712 722 781 porticibus
740 714 855 784 qemiuis
875 714 1040 785 spatiabitur
1061 713 1161 768 umbra

375 797 456 863 ‘Hic‚
475 796 522 851 ubi
541 799 569 851 in
591 802 715 852 extremo
736 800 862 869 riparum
882 801 1008 870 marqine
1028 799 1116 854 mollis

375 880 466 937 ‘Siloa
486 882 574 937 niret?
595 882 725 954 quiequid
745 898 819 937 nunc
840 885 927 939 lenior
948 892 1066 955 occupat
1086 885 1185 952 alnus,
1310 877 1469 956 mfflfifffl·

323 987 361 1026 su,
377 965 487 1020 'Nobile
507 983 633 1023 marmor
655 968 720 1022 erit.-
743 975 845 1022 tantum
867 973 975 1023 mertare
996 968 1092 1024 valebit

376 1051 487 1122 ‘Louqa
507 1051 580 1106 dies:
599 1059 694 1124 surqet
713 1054 793 1107 iuxta
812 1054 925 1109 vicinior
947 1056 1030 1109 astris

376 1136 466 1189 ‘Pons
488 1151 572 1206 opere
593 1138 707 1209 insiqm's
725 1140 870 1210 ripamque
891 1140 1038 1209 ampiexus
1056 1144 1202 1210 utramque
1351 1132 1470 1210 ssffl‘w'

378 1221 530 1276 ‘Fluminis
549 1228 576 1276 et
593 1225 699 1277 eunctis
715 1222 868 1277 calcandus
883 1224 1007 1295 pentibus
1030 1224 1101 1279 olim.

375 1304 482 1360 ‘Huius
500 1307 603 1362 dextra
626 1309 698 1362 latus
716 1308 820 1362 claudit
840 1325 902 1379 quac
924 1315 1001 1363 terro
1023 1309 1074 1364 sub
1096 1309 1159 1363 altis
1359 1301 1470 1387 issssffl'

324 1411 363 1451 51⁰
378 1389 542 1462 ‘Aqqeribus
561 1399 649 1464 qemct
668 1394 775 1464 Alpinis
797 1394 928 1448 tumulata
949 1395 1073 1449 metallis.

377 1474 453 1529 ‘Par
474 1490 544 1531 onus
561 1480 700 1549 excipient
717 1479 824 1549 passim
845 1480 985 1534 conclavia
1003 1485 1110 1534 centum
1289 1470 1413 1557 imm}
1425 1481 1470 1506 ‘¹⁰'

376 1558 445 1613 ‘Ito
466 1561 579 1633 differta
602 1565 682 1629 locis,
704 1563 755 1618 sed
774 1578 844 1618 onus
862 1570 931 1634 puto
947 1565 1055 1636 qratius
1076 1564 1144 1630 illis,

378 1643 525 1717 ‘Namque
544 1648 667 1702 Arabum
687 1662 789 1702 messes
810 1655 836 1702 et
856 1650 949 1704 odoris
970 1649 1107 1704 mercibus
1127 1646 1218 1704 ludus

378 1728 508 1786 ‘Horrea
529 1734 680 1803 stipabunt,
703 1732 844 1788 accumbet
864 1735 945 1788 ‹litiar
965 1736 1038 1788 intres
1151 1795 1155 1804 ¹

323 1833 361 1874 sis
377 1816 481 1882 ‘Area‚
499 1818 649 1888 portabunt
663 1818 768 1889 procul
787 1817 843 1873 buc
858 1834 910 1873 sua
929 1833 1045 1873 munera
1066 1817 1164 1886 Seres,

375 1898 589 1973 ‘Hesperioeque
607 1909 683 1958 rates
702 1903 798 1973 tepidis
817 1904 892 1976 quod
908 1906 1002 1958 mersit
1018 1903 1116 1958 olienis

377 1982 480 2039 ‘Docta
504 1987 593 2059 Tyros
614 1987 729 2060 Cooeque
750 1988 812 2043 olim
831 1989 965 2060 radioque
984 1989 1099 2060 coloque

376 2067 563 2140 ‘Explicuere
584 2087 697 2127 mauns:
719 2072 788 2127 niliit
808 2074 948 2128 ambitiosa
966 2080 1085 2128 uetustas

378 2151 447 2209 ‘His
469 2156 601 2228 conferre
620 2162 717 2230 queat,
737 2158 848 2213 stabunt
867 2160 975 2214 venalia
998 2159 1076 2230 lonqo

325 2260 363 2300 sm
378 2243 525 2313 ‘Marqine
546 2243 675 2313 riporum
687 2244 795 2315 populo
816 2245 948 2315 quauta,
973 2245 1092 2314 receptis

377 2328 494 2387 ‘Obtulit
510 2326 661 2398 hospitibus
682 2345 745 2399 quoe
764 2331 878 2400 mystica
900 2329 973 2383 dona
994 2329 1136 2384 sacerdos.

377 2415 453 2471 ‘Nec
470 2413 537 2483 plus
553 2411 598 2467 lu'c
619 2411 699 2483 iufra
721 2416 861 2470 maioraoe
879 2413 1006 2485 pondera
1029 2428 1125 2468 rerum

376 2500 481 2568 ‘Quam
499 2512 589 2569 supra
612 2500 727 2570 aquatis
746 2498 895 2570 suspendet
914 2498 1040 2553 lancibus
1057 2499 1124 2553 auri

376 2584 551 2641 ‘Posteritos
586 2583 668 2638 Nunc
686 2583 759 2638 adde
775 2584 893 2655 qradum
914 2598 1073 2655 mecumque
1093 2589 1248 2638 retrorsum

324 2683 363 2723 su
379 2669 517 2741 ‘Aspicies
539 2669 626 2722 densa
646 2669 764 2739 stipatas
785 2683 876 2723 merce
896 2669 1042 2728 tabernas,-

377 2754 453 2810 ‘Nec
474 2767 544 2808 noua
565 2752 735 2807 acbademioe
755 2752 847 2825 sactes
866 2759 1034 2825 sacratoque
1055 2752 1111 2809 diui

376 2840 500 2895 ‘Limina
518 2838 668 2904 detineant,
687 2838 738 2892 sed
761 2839 873 2892 tendere
890 2839 997 2910 lonqius
1011 2837 1086 2891 ultro

377 2925 498 2995 ‘Perqe,
516 2937 635 2993 precor,
656 2925 797 2995 peutisque
814 2929 869 2977 tuae
889 2937 1023 2995 coquosce
1041 2921 1170 2993 suturam

377 3009 561 3063 ‘Luxurieme
574 3006 618 3060 liis
633 3009 741 3074 mensis,
755 3024 874 3080 quorum
890 2999 1113 3078 nnnc⁸consptcts
1126 3003 1266 3073 umbram,

325 3108 365 3149 oso
380 3094 517 3150 ‘Cernere
538 3092 591 3145 erit
610 3093 741 3163 quiequid
758 3106 931 3163 qemmarum
949 3092 1068 3164 prodiqa
1087 3092 1164 3145 mittit

314 3204 315 3207 ¹
377 3177 492 3244 ‘Indio,
515 3178 647 3249 quiequid
664 3193 745 3246 opum
766 3178 866 3249 pelaqo
886 3182 1029 3233 scrutatur
1048 3175 1180 3248 Erqtltre.

378 3262 451 3317 ‘Nec
469 3278 522 3317 suo
544 3263 643 3333 templa
664 3263 718 3317 coli
733 3269 800 3334 post
816 3262 877 3318 boec
895 3265 961 3333 pius
982 3262 1082 3317 abnuet
1097 3262 1155 3329 itte,

378 3347 448 3415 ‘Qui
465 3349 549 3402 simm
566 3364 601 3402 ac
623 3349 693 3402 citus
714 3353 836 3419 quaestus
856 3348 945 3403 odisse
962 3346 1100 3418 nefandos

378 3433 517 3500 ‘Dicitur‚
540 3439 566 3487 et
589 3434 649 3487 aitte
671 3435 831 3488 contrarius
851 3434 905 3487 isse
923 3434 1018 3505 priori
1023 3455 1032 3492 .·

326 3532 364 3572 sss
380 3517 491 3572 ‘Oderit
511 3517 574 3571 iude
594 3517 690 3590 nefas,
712 3518 763 3573 sed
782 3518 902 3572 habendi
920 3520 1020 3572 insana
1039 3515 1139 3588 cupido

378 3602 456 3657 ‘Has
474 3604 579 3657 circum
601 3604 681 3658 scetes
701 3604 792 3675 actiqet
806 3603 918 3675 saciare
937 3608 1057 3674 nepotes.

378 3687 521 3742 ‘Sanctius
542 3688 605 3742 inde
622 3689 727 3757 procul
742 3690 871 3760 templum
890 3687 1049 3742 sacrabitur
1070 3686 1149 3752 breio,
1169 3687 1219 3757 qui

377 3773 542 3827 ‘Pastorum
565 3774 684 3843 excipiet
705 3773 803 3828 dualis
824 3789 944 3828 munero
964 3779 1064 3838 terrie,

379 3858 507 3912 ‘Primus
528 3857 563 3911 ab
582 3860 706 3929 imperio.
747 3856 848 3913 Verum
868 3859 929 3913 lioec
950 3858 1079 3912 sacrario
1100 3856 1192 3927 linque

325 3961 363 4000 sio
379 3943 431 3997 ‘Et
447 3959 511 4014 quoe
529 3943 630 3996 dextra
650 3944 742 3997 uolens
763 3944 833 3998 colet
852 3946 876 3998 is
895 3944 944 4013 qui
964 3941 998 3996 ab
1021 3940 1146 4010 Apolline
1164 3955 1262 3995 nomen
1334 3954 1336 4013 q
1354 3932 1470 4017 mm·

379 4027 465 4082 ‘Tam
484 4041 579 4081 oerum
600 4044 682 4099 quam
699 4028 808 4099 qronde
827 4027 911 4099 seret.
945 4026 1007 4082 lom
1029 4028 1152 4081 cominus
1170 4040 1234 4080 ecce

375 4111 459 4167 ‘Post
476 4114 597 4183 qeminos
613 4114 716 4183 fluetus
732 4113 863 4183 pandunt
881 4127 912 4167 se
932 4112 1025 4165 limina
1046 4110 1141 4177 Pauli,

379 4198 502 4252 ‘Limina
520 4213 582 4269 qius
602 4200 675 4252 vultu
696 4199 844 4268 strictoque
866 4197 981 4252 tuebitur
1002 4210 1067 4251 ense

176 4331 378 4339 ...ι-...ν’-

243 4394 274 4428 ⁵⁰¹
299 4396 328 4445 S.
348 4397 466 4447 Giacomo
490 4397 519 4445 dt
540 4397 634 4446 liiatto.
672 4398 731 4446 Hae
754 4396 951 4461 antiquissimum
972 4397 1087 4459 templum
1107 4394 1194 4457 fertur
1216 4409 1241 4442 a.
1255 4395 1314 4442 tot.
1333 4391 1468 4440 conditum.

174 4480 209 4514 Μ
228 4483 309 4531 Ponte
328 4482 421 4532 llialto.
475 4480 507 4512 ⁵¹⁹
527 4483 607 4530 Dazio
626 4480 669 4530 del
685 4483 750 4530 otoo.
804 4479 836 4512 ⁵²⁶
854 4480 882 4529 S.
898 4480 1021 4529 Giooanni
1038 4480 1066 4527 di
1084 4479 1167 4528 liialto
1184 4494 1206 4526 s.
1220 4476 1405 4526 elemosinario.
1422 4491 1470 4539 pa·

174 4568 246 4617 rocli.
299 4565 334 4599 ⁵⁴¹
352 4567 454 4617 orithre
475 4570 497 4616 1.
545 4563 579 4596 ⁵³²
598 4566 626 4616 S.
641 4566 749 4615 Matteo.
763 4566 870 4629 poroeb.
917 4562 950 4595 ⁸³⁷
968 4565 994 4615 S.
1009 4562 1141 4614 Silvestro.
1152 4562 1259 4626 paroeb.
1306 4557 1341 4591 ⁶⁸³
1359 4560 1470 4610 Donabo

176 4651 301 4702 Silvestro
320 4668 336 4702 a
355 4653 520 4703 Constantina
535 4652 618 4714 sarta.
689 4647 723 4681 ⁵⁴⁰
741 4648 814 4699 Sant'
834 4649 994 4713 Appolinarc
1013 4663 1034 4697 s.
1049 4647 1195 4711 Apponate.
1213 4645 1319 4709 paracle.
1390 4641 1423 4675 ⁵⁶¹
1441 4644 1468 4692 S.

177 4739 258 4788 Paolo
277 4753 298 4787 s.
314 4738 386 4787 Polo.
399 4737 506 4802 paroeb.
