3294 5408
589 1229 768 1342 VLRtOI
808 1230 1045 1307 HVTTENI

510 1352 563 1414 ou
595 1352 706 1415 nuru
737 1348 1113 1414 vnnsruronronu

643 1467 785 1516 GARHEN
807 1466 989 1515 HEROIGVH

302 1555 353 1607 An
370 1555 536 1607 Ionnuutt
553 1556 601 1607 ΕΤ
618 1557 868 1618 ALEXANDRVM
886 1552 1090 1628 osuuuums
1108 1551 1329 1605 Pounnnnos

751 1663 879 1705 lucn’t'r.

345 1793 416 1866 Quis
437 1792 543 1869 modus
565 1803 594 1856 et
616 1812 681 1874 quae
703 1795 761 1855 sint
781 1794 930 1857 servandae
953 1794 982 1855 in
1005 1790 1135 1854 carmine
1156 1789 1254 1869 teges,

344 1895 381 1956 Et
401 1914 460 1976 quo
483 1914 607 1976 quaeque
629 1915 714 1959 suum
737 1897 884 1959 distendat
904 1894 1014 1978 syllaba
1036 1900 1168 1975 tempus,

343 1997 452 2059 [ittera
475 2016 549 2077 quas
570 1997 646 2061 viies
667 1997 789 2070 haheat,
813 2017 929 2079 quoque
952 1997 1055 2058 ordine
1076 2003 1184 2067 mutet,

342 2098 446 2160 Omnia
468 2099 621 2161 discutiam
645 2101 755 2181 paucis.
798 2100 871 2172 hue,
894 2100 958 2161 laeta
980 2101 1131 2170 iuventus,

306 2225 319 2263 a
345 2201 431 2264 Verte
454 2203 544 2262 animi
566 2210 664 2264 votum
687 2202 907 2281 sitibundasque
930 2201 1029 2264 imbue
1051 2201 1166 2268 fauces:

344 2303 425 2373 Non,
453 2304 519 2384 quia
542 2313 684 2384 praeterea
707 2307 850 2384 scripturo
872 2303 945 2365 nihil
966 2303 1037 2366 utile
1059 2303 1168 2373 dicam,

344 2405 401 2466 Sed
424 2407 491 2484 quia
514 2424 621 2467 munus
642 2406 734 2469 hahes
755 2410 853 2468 animo
876 2413 1009 2486 gratante
1030 2404 1205 2486 proiectum.

345 2505 495 2585 hnprohet
517 2508 571 2569 ista
592 2508 662 2570 lieet
683 2511 732 2570 oui
752 2517 881 2570 mentem
903 2510 1004 2570 insana
1027 2506 1120 2569 libido

345 2608 491 2688 Carpendi
512 2610 609 2671 studio
632 2619 730 2672 vexat:
750 2611 825 2672 ,mihi
847 2612 923 2672 tama
947 2610 1080 2672 trahatur

296 2730 321 2771 ro
345 2710 436 2789 {oque
459 2710 521 2773 dies
542 2711 613 2773 mihi
634 2720 747 2793 perstet
767 2713 877 2784 honos,
900 2712 971 2775 mihi
993 2711 1086 2791 glorIa
1109 2719 1225 2790 surgat:

344 2811 400 2884 Qui
423 2812 503 2885 velit,
526 2813 655 2875 invideat
675 2832 765 2895 seque
787 2814 845 2877 hoo
865 2833 991 2876 maerore
1013 2814 1122 2894 fatiget.

345 3014 454 3077 Littera
477 3016 554 3095 apud
576 3016 674 3080 Latios
696 3020 751 3080 isto
774 3019 941 3081 discrimine
964 3018 1058 3080 fertur
1357 3017 1461 3104 ioum.

345 3117 474 3180 ‘vocalis'
497 3120 627 3188 criticos,
652 3121 729 3201 quod
753 3140 840 3183 voces
862 3123 974 3201 integra
997 3119 1114 3182 reddat:
1360 3119 1462 3206 Ινωι...

345 3218 432 3282 Tales
454 3222 583 3301 quinque
606 3228 722 3301 putant,
746 3243 761 3301 n
783 3224 884 3285 Graeca
907 3222 1012 3284 exinde
1035 3228 1176 3292 retracta:

295 3342 320 3382 rs
345 3321 509 3394 ‘Consona',
533 3323 610 3402 quod
634 3343 720 3385 voees
742 3322 783 3384 nil
805 3333 921 3386 mutans
943 3325 1058 3385 adiuvat
1080 3325 1171 3403 ipsas,
1308 3322 1462 3408 [cnm-n..

349 3422 382 3484 ln
404 3443 436 3485 se
459 3423 537 3486 nulla
560 3433 672 3495 tamen
696 3426 750 3486 nisi
773 3426 894 3488 vooihus
915 3426 1012 3488 addita
1035 3428 1131 3488 nentis.

350 3524 459 3586 Harum
482 3526 586 3607 aliquae
608 3527 695 3588 nohis
717 3546 806 3590 varnos
828 3529 999 3591 referuntur
1021 3529 1058 3590 ad
1080 3547 1167 3591 usus:

349 3627 420 3699 Quae
442 3630 514 3699 sint,
538 3628 617 3691 disce
638 3629 737 3698 brevi,
761 3630 869 3710 quihus
891 3650 903 3691 e
926 3649 985 3692 non
1007 3638 1124 3693 assonat
1144 3632 1224 3710 ipsis.

350 3731 382 3790 o
404 3737 501 3792 tarnen
525 3748 542 3792 n
563 3732 693 3793 iunctum
716 3739 773 3792 stat
793 3733 823 3793 in
846 3751 900 3794 usu
923 3732 1057 3795 erebrius
1078 3732 1143 3803 ilio,

296 3851 322 3891 zo
346 3831 384 3894 Ut
404 3849 525 3911 sequor,
548 3841 581 3894 ut
602 3838 740 3909 quereiam
750 3857 761 3904 ,·
783 3841 867 3896 vetus
889 3843 933 3897 est
954 3836 1108 3915 scripsisse
1130 3836 1299 3908 leniendas,-

349 3928 378 4009 ὓ
402 3942 469 3995 noto
491 3933 640 3996 nonnullis
662 3937 740 3998 venit
760 3938 899 4016 aspiratio
922 3936 1032 4007 verhis,
1315 3937 1463 4021 loa-ouant.

244 4139 287 4187 De
307 4138 486 4204 inscriptione
506 4140 543 4189 cf.
556 4138 615 4189 Ind.
628 4138 696 4189 bibl.
708 4139 786 4191 Hntt.
800 4139 820 4190 1.
833 4157 857 4191 o.
915 4137 924 4173 ¹
941 4153 988 4206 otu
1006 4143 1030 4191 1.
1087 4141 1232 4192 servandae
1248 4146 1324 4193 etiem
1341 4144 1367 4193 9.
1374 4143 1414 4192 17.
1422 4143 1462 4192 1⁹.

175 4221 315 4273 seruando
334 4224 470 4273 naen.
522 4220 624 4289 'putot
643 4226 667 4274 1.
676 4227 700 4275 4.
753 4224 918 4276 Ἰήιοται
936 4226 1027 4292 ubique
1045 4242 1096 4276 nna
1113 4229 1134 4276 t.
1185 4224 1277 4280 ¹loetn
1291 4229 1314 4276 1.
1367 4226 1464 4277 duacu-

175 4309 243 4357 tinm
263 4309 303 4356 19.
354 4304 511 4370 §minuitis
524 4311 547 4358 1.
600 4310 745 4359 Lemmntn
763 4310 798 4360 od
815 4311 954 4375 margines
971 4325 1097 4361 versuum
1114 4310 1191 4361 nnlhs
1208 4311 1381 4362 hobenttd.
1433 4311 1465 4361 ln

178 4396 218 4442 n.
228 4394 268 4442 17.
277 4394 317 4441 ta.
337 4393 433 4443 eodem
452 4408 485 4443 ex
499 4395 522 4443 1.
540 4400 649 4460 sumpta
667 4399 737 4457 sunt,
751 4395 947 4461 orthographia
959 4396 1062 4461 possim
1075 4400 1189 4457 motato,
1203 4394 1236 4445 de
1249 4410 1303 4460 qna
1315 4410 1370 4445 uon
1381 4395 1466 4447 adno-

178 4479 252 4528 toho.
317 4475 539 4543 ¹aitohnndusqj
556 4482 581 4528 2.
644 4480 897 4542 ¹pattttan1.⁴.11.
962 4480 1001 4530 nil
1020 4484 1044 4530 2.
1107 4479 1190 4529 ¹iste
1208 4483 1233 4531 2.
1297 4478 1319 4511 ¹⁰
1335 4480 1420 4546 quue
1440 4483 1464 4530 4.

178 4559 560 4614 ''moeroret.t.11.17.19.
626 4565 780 4629 fntgat.19.
846 4563 867 4597 ¹¹
885 4565 999 4616 Literoe.
1017 4566 1054 4614 nd
1069 4580 1148 4629 norp.
1163 4566 1203 4614 11.
1268 4563 1464 4615 ¹¹Voeohie2.

180 4646 200 4677 ¹¹
217 4661 284 4710 utem
304 4650 325 4696 1.
391 4646 412 4679 ¹¹
430 4647 614 4715 roeih.rect.]
632 4650 877 4701 vocontiorum.
934 4649 955 4683 ¹⁸
973 4649 1090 4699 adsonat
1109 4651 1148 4698 ra.
1206 4647 1227 4680 ¹¹
1246 4647 1287 4715 0]
1308 4650 1334 4699 H
1353 4654 1378 4700 2.
1396 4650 1420 4700 0
1439 4656 1464 4702 4.

183 4733 219 4782 tt.
229 4735 268 4781 17.
278 4735 316 4781 19.
380 4729 403 4765 ¹⁰
421 4732 553 4783 colendas
571 4736 692 4783 4.11.17.
712 4734 755 4783 Cf.
769 4735 933 4796 Quintilian.
947 4736 1013 4784 Inot.
1026 4749 1064 4784 or.
1079 4735 1100 4784 1.
1113 4735 1137 4796 7,
1154 4742 1186 4783 tu.
