3294 5408
308 413 382 486 2¹4
508 442 632 479 ΙΥΊἮΙῙ
644 441 682 477 AD
695 440 827 477 clun!
839 439 1051 475 luxlrrltunvtt
1064 438 1285 473 EPIGRAUATW
1299 409 1393 472 tamn.

509 599 612 660 tiernls
633 584 667 658 nt
687 597 825 673 Euganea
848 597 975 673 respiret
997 594 1111 655 hlareus
1133 557 1162 652 in
1185 592 1263 653 unda

483 719 496 760 r
593 699 689 778 thue
712 705 829 759 tumens
851 697 942 776 patria
966 697 1010 755 vir
1034 697 1164 773 capiatur
1187 696 1279 774 aqna?

511 800 603 864 Causa
625 803 685 870 rei,
708 800 832 880 sumptis
854 796 915 859 nori
936 798 1029 858 lauste
1051 798 1199 858 Teutones
1221 798 1310 857 armis

593 901 670 964 ilille
693 902 771 983 quod
794 920 809 962 a
832 902 948 961 Venetis
970 899 1156 990 procubuere
1179 899 1246 960 dno.

509 1006 547 1067 lt
568 1012 722 1084 postquam
745 1006 826 1065 ierus
848 1020 928 1062 arma
952 1009 1036 1079 geret
1059 1002 1124 1062 lore
1147 1002 1260 1062 vindice
1283 1003 1394 1070 Caesar,

484 1130 497 1170 a
595 1105 680 1178 Quod
704 1113 798 1167 tutum
822 1105 939 1165 Venetis
960 1111 1022 1163 tnm
1044 1106 1114 1166 satis
1136 1121 1237 1183 aequor
1260 1104 1333 1165 erit?

446 1292 493 1353 16.
701 1293 750 1343 DE
768 1291 926 1342 VENETIS
943 1291 991 1342 ET
1010 1289 1205 1341 GERMANI&

510 1412 627 1475 Tollere
648 1430 704 1492 pax
728 1409 868 1482 Venetos,
892 1411 1055 1471 Germanos
1078 1427 1159 1470 arma
1183 1409 1331 1482 solebant,

593 1515 806 1594 Ingeniumque
827 1531 914 1575 suum
936 1513 1052 1592 pondus
1075 1515 1207 1592 utrisque
1228 1512 1330 1573 dabat:

510 1618 659 1680 Mutantur
681 1633 793 1685 mores,
818 1616 1013 1694 nequeenim
1037 1615 1192 1676 Germania
1216 1623 1340 1694 pugnat,

469 1744 496 1794 ‚a
575 1719 741 1797 ·hrmaque
763 1725 794 1777 tu
817 1727 928 1778 temere
952 1719 1097 1786 cermeria,
1121 1717 1194 1778 urbs
1216 1716 1368 1778 Venetum.

509 1823 541 1884 Si
562 1820 631 1882 licet
652 1821 696 1882 ire
717 1827 812 1889 retro,
838 1819 949 1880 ricihus
971 1821 1037 1881 date
1060 1826 1161 1882 mutua
1182 1821 1288 1889 versis,

592 1922 651 1983 Res
673 1930 743 1983 tuno
765 1924 932 1992 Germanis,
956 1941 1005 1983 res
1027 1924 1083 1983 erit
1106 1929 1135 1982 et
1156 1921 1282 1981 Venetis.

447 2108 491 2171 17.
543 2110 581 2161 ΙΝ
600 2108 742 2160 GALLOS
761 2109 940 2161 CAESAREM
959 2109 1106 2159 FVGERE
1126 2091 1359 2159 COMMENTOS.

410 2228 413 2231 “
508 2230 617 2292 Solaris
639 2238 682 2301 te,
707 2227 788 2291 Galle
811 2231 914 2300 miser,
938 2229 991 2289 tibi
1014 2229 1119 2306 gandia
1141 2229 1242 2307 lingis,

593 2332 662 2393 flaee
683 2333 758 2412 petis
779 2333 808 2391 in
831 2332 926 2393 media
950 2331 1104 2392 commoda
1126 2331 1255 2391 tristitia:

508 2434 610 2514 Fingis
633 2437 710 2495 enlm
733 2432 882 2512 rebusque
905 2435 962 2494 tuis
984 2432 1083 2494 laetnm
1105 2434 1225 2494 instruis
1247 2452 1350 2504 omen,

484 2564 496 2601 ι
594 2535 668 2607 Quo.
681 2538 748 2615 quis
769 2542 798 2596 te
821 2537 849 2595 in
873 2535 982 2614 populo
1005 2552 1064 2594 non
1086 2542 1169 2614 putet
1190 2537 1244 2596 ista
1266 2538 1334 2613 pati.

508 2639 599 2717 Finge
622 2640 740 2718 quidem
764 2655 907 2717 casusque
930 2645 997 2698 tuos
1019 2635 1115 2699 solare
1137 2639 1314 2717 premendo,

589 2742 703 2802 interea
727 2742 823 2803 Caesar
845 2740 915 2801 dum
937 2747 1020 2819 gerat
1041 2741 1095 2799 ista
1116 2747 1229 2810 tamen,

505 2843 542 2906 Et
564 2850 704 2932 quemvtu
728 2845 819 2904 iactae
841 2842 968 2921 abrupto
991 2842 1136 2904 excedere
1158 2841 1251 2912 bello,

480 2967 494 3009 a
593 2944 708 3007 Haereat
717 2947 759 3030 ,in
782 2951 864 3023 tergo
888 2945 966 3006 eade
989 2962 1136 3024 manuque
1156 2953 1218 3007 tuo.

443 3128 498 3189 18·.
729 3101 801 3182 eoo
819 3130 1027 3194 easqvmno
1046 3131 1170 3183 nomm.

394 3252 397 3257 ’
505 3253 597 3314 Anxia
619 3250 743 3328 lustgato
764 3258 919 3331 postquam
942 3268 1014 3330 gens
1036 3251 1106 3312 ltala
1130 3253 1239 3313 mundo

589 3354 742 3417 Consuluit
763 3361 843 3414 rates
865 3351 1069 3433 consuluitque
1092 3355 1178 3424 deos,

504 3454 589 3526 Quod
610 3457 687 3518 male
709 3457 889 3536 respondent
910 3462 1004 3522 rates,
1028 3456 1188 3536 Pasquille,
1213 3458 1333 3537 deique,

477 3579 490 3619 r
588 3558 631 3620 Te
653 3566 739 3636 rogat
760 3561 866 3620 amisso
890 3544 1004 3620 Caesare
1028 3558 1133 3620 ‘Caesar
1155 3559 1206 3621 ubi
1228 3558 1299 3622 estt'

505 3662 589 3723 Certa
613 3679 668 3722 nee
690 3662 799 3722 accessi
822 3663 957 3723 reterunt
978 3660 1096 3722 oracula
1119 3661 1238 3740 Delphi,

586 3761 648 3824 Neo
669 3763 809 3824 Dodonaei
831 3762 908 3844 sylva
931 3780 1040 3824 eenora
1062 3763 1151 3832 loris;

303 3918 505 3932 -—-—-

370 4016 409 4069 16.
440 4018 547 4084 Eptprr.
564 4021 796 4069 16.17.18·.omis.
812 4022 838 4069 3.
902 4017 1050 4086 ¹Tollere]
1073 4019 1200 4081 evehere,
1222 4032 1333 4085 augere.
1398 4018 1590 4073 ³Rettnlerim

299 4103 360 4154 haee
380 4104 415 4154 ad
432 4119 529 4171 pacem
547 4106 620 4154 inter
633 4103 768 4155 Caesarem
780 4105 955 4170 Venetosque
969 4121 993 4158 o.
1011 4087 1087 4155 1513.ί
1098 4110 1125 4154 et
1144 4105 1255 4154 ineunte
1274 4104 1506 4157 e.1514.sruatra
1524 4111 1589 4157 tem

299 4194 414 4256 ptatam.
468 4189 479 4221 ⁸
498 4187 562 4256 Rea]
581 4203 659 4240 suum
678 4190 792 4256 quiaque
810 4183 900 4240 lo'eum
919 4191 973 4240 eibi
992 4191 1201 4240 convenientem
1220 4188 1396 4255 debitumque
1414 4195 1529 4257 uterque
1541 4192 1589 4243 ha·

299 4272 387 4325 babit.

368 4359 408 4411 17.
439 4357 778 4426 Ci.adv.3.auperioria
797 4362 883 4428 epigr,
953 4358 1076 4411 ³lentum
1096 4364 1119 4412 1.
1189 4357 1287 4427 ⁴pnti]
1313 4361 1414 4427 expelli
1438 4378 1471 4413 ex
1495 4362 1588 4428 Italia,

301 4445 371 4512 qnod
390 4449 452 4512 post
470 4460 590 4512 pugnam
608 4447 807 4497 Novariensem
827 4445 916 4511 magis
934 4447 1077 4511 magisque
1097 4444 1186 4496 Gallis
1207 4446 1357 4497 accideret.

367 4528 419 4580 18¹.
448 4530 519 4582 Haeo
537 4530 590 4581 duo
609 4531 808 4597 epigrammate
820 4532 955 4597 inscripto
970 4532 1116 4581 ‘Huttenue
1135 4531 1170 4581 ad
1182 4531 1361 4598 Poaqnillum’
1381 4536 1409 4582 et
1421 4532 1588 4599 ‘Paaquillue

298 4615 436 4666 Romania*
449 4615 564 4683 primum
583 4617 742 4683 prodierant
755 4631 780 4666 a.
795 4615 869 4667 1516.
883 4622 944 4682 post
956 4615 1110 4681 Epistolam
1123 4617 1213 4668 ltaliae
1232 4617 1324 4667 indice
1343 4616 1410 4667 bibl.
1424 4618 1503 4669 nete.
1517 4634 1588 4670 num.

297 4700 346 4750 XI.
360 4701 384 4749 2.
399 4700 576 4765 descriptam.
641 4698 652 4731 ⁵
669 4701 803 4767 Respexit
819 4706 903 4768 poeta
921 4701 956 4751 ed
975 4700 1055 4751 Corn.
1069 4701 1139 4768 Nep.
1159 4703 1188 4752 in
1205 4703 1349 4767 Lysandro
1368 4718 1392 4753 e.
1405 4702 1431 4755 3.
1449 4704 1589 4767 „Primum

297 4783 421 4852 Delphos
439 4799 613 4852 eorrumpere
632 4789 675 4836 eat
693 4790 818 4837 conatos.
854 4801 914 4837 eum
937 4786 965 4836 id
989 4801 1042 4837 non
1064 4788 1212 4853 potuisset,
1237 4787 1381 4838 Dodonem
1405 4788 1519 4841 edemus
1537 4797 1587 4842 eat
