<?xml version="1.0" encoding="UTF-8"?>
<!DOCTYPE html PUBLIC "-//W3C//DTD XHTML 1.0 Transitional//EN"
    "http://www.w3.org/TR/xhtml1/DTD/xhtml1-transitional.dtd">
<html xmlns="http://www.w3.org/1999/xhtml" xml:lang="en" lang="en">
 <head>
  <title>
</title>
<meta http-equiv="Content-Type" content="text/html;charset=utf-8" />
  <meta name='ocr-system' content='tesseract 3.04.00' />
  <meta name='ocr-capabilities' content='ocr_page ocr_carea ocr_par ocr_line ocrx_word'/>
</head>
<body>
  <div class='ocr_page' id='page_1' title='image "./ulrichihuttenie04huttgoog_0510.png"; bbox 0 0 3294 5408; ppageno 0'>
   <div class='ocr_carea' id='block_1_1' title="bbox 127 397 1413 471">
    <p class='ocr_par' dir='ltr' id='par_1_1' title="bbox 127 397 1413 471">
     <span class='ocr_line' id='line_1_1' title="bbox 127 397 1413 471; baseline -0.005 -1"><span class='ocrx_word' id='word_1_1' title='bbox 127 435 217 470; x_wconf 67' lang='lat' dir='ltr'>BHM·</span> <span class='ocrx_word' id='word_1_2' title='bbox 228 433 369 471; x_wconf 63' lang='lat' dir='ltr'>vertente</span> <span class='ocrx_word' id='word_1_3' title='bbox 379 433 486 468; x_wconf 73' lang='lat' dir='ltr'>crunni</span> <span class='ocrx_word' id='word_1_4' title='bbox 496 432 584 468; x_wconf 69' lang='grc' dir='ltr'>(ΜΛΝ</span> <span class='ocrx_word' id='word_1_5' title='bbox 589 432 598 466; x_wconf 84' lang='grc' dir='ltr'>Ι</span> <span class='ocrx_word' id='word_1_6' title='bbox 608 432 644 466; x_wconf 68' lang='lat' dir='ltr'>DE</span> <span class='ocrx_word' id='word_1_7' title='bbox 654 431 752 466; x_wconf 71' lang='lat' dir='ltr'>BXVS&#39;P·</span> <span class='ocrx_word' id='word_1_8' title='bbox 761 431 874 467; x_wconf 76' lang='lat' dir='ltr'>LIBBOB.</span> <span class='ocrx_word' id='word_1_9' title='bbox 881 430 1005 467; x_wconf 70' lang='lat' dir='ltr'>LVTHEBX</span> <span class='ocrx_word' id='word_1_10' title='bbox 1015 431 1050 465; x_wconf 73' lang='grc' dir='ltr'>ΕΤ</span> <span class='ocrx_word' id='word_1_11' title='bbox 1060 429 1163 466; x_wconf 68' lang='lat' dir='ltr'><strong>CHVNR·</strong></span> <span class='ocrx_word' id='word_1_12' title='bbox 1171 428 1306 465; x_wconf 69' lang='lat' dir='ltr'>MEG&#39;POB·</span> <span class='ocrx_word' id='word_1_13' title='bbox 1343 397 1413 470; x_wconf 76' lang='grc'>461</span> 
     </span>
    </p>
   </div>
   <div class='ocr_carea' id='block_1_2' title="bbox 37 587 1477 3382">
    <p class='ocr_par' dir='ltr' id='par_1_2' title="bbox 96 587 1477 1940">
     <span class='ocr_line' id='line_1_2' title="bbox 127 587 1477 666; baseline 0.001 -20"><span class='ocrx_word' id='word_1_14' title='bbox 127 595 201 650; x_wconf 81' lang='lat' dir='ltr'>viros</span> <span class='ocrx_word' id='word_1_15' title='bbox 225 594 251 648; x_wconf 94' lang='lat' dir='ltr'>in</span> <span class='ocrx_word' id='word_1_16' title='bbox 273 601 414 666; x_wconf 87' lang='lat' dir='ltr'>capturam</span> <span class='ocrx_word' id='word_1_17' title='bbox 438 591 536 666; x_wconf 64' lang='lat' dir='ltr'>praedas</span> <span class='ocrx_word' id='word_1_18' title='bbox 559 589 659 647; x_wconf 74' lang='lat' dir='ltr'>italicae</span> <span class='ocrx_word' id='word_1_19' title='bbox 682 589 824 646; x_wconf 88' lang='lat' dir='ltr'>abducere.</span> <span class='ocrx_word' id='word_1_20' title='bbox 857 587 934 657; x_wconf 78' lang='lat' dir='ltr'>duod</span> <span class='ocrx_word' id='word_1_21' title='bbox 957 589 1077 644; x_wconf 90' lang='lat' dir='ltr'>muneris</span> <span class='ocrx_word' id='word_1_22' title='bbox 1104 606 1120 644; x_wconf 92' lang='lat' dir='ltr'>a</span> <span class='ocrx_word' id='word_1_23' title='bbox 1141 587 1351 644; x_wconf 85' lang='lat' dir='ltr'>Romanensiuni</span> <span class='ocrx_word' id='word_1_24' title='bbox 1374 588 1477 647; x_wconf 76' lang='lat' dir='ltr'>ile-§.n</span> 
     </span>
     <span class='ocr_line' id='line_1_3' title="bbox 127 673 1421 752; baseline -0.005 -18"><span class='ocrx_word' id='word_1_25' title='bbox 127 694 241 734; x_wconf 84' lang='lat' dir='ltr'>cumano</span> <span class='ocrx_word' id='word_1_26' title='bbox 269 685 389 752; x_wconf 78' lang='lat' dir='ltr'>gygante</span> <span class='ocrx_word' id='word_1_27' title='bbox 420 678 630 733; x_wconf 83' lang='lat' dir='ltr'>iniunctumnt</span> <span class='ocrx_word' id='word_1_28' title='bbox 658 674 818 748; x_wconf 84' lang='lat' dir='ltr'>diligentins</span> <span class='ocrx_word' id='word_1_29' title='bbox 845 683 874 730; x_wconf 89' lang='lat' dir='ltr'>et</span> <span class='ocrx_word' id='word_1_30' title='bbox 900 691 965 731; x_wconf 90' lang='lat' dir='ltr'>cnra</span> <span class='ocrx_word' id='word_1_31' title='bbox 992 673 1096 730; x_wconf 90' lang='lat' dir='ltr'>maiore</span> <span class='ocrx_word' id='word_1_32' title='bbox 1124 684 1289 747; x_wconf 83' lang='lat' dir='ltr'>exequatur,</span> <span class='ocrx_word' id='word_1_33' title='bbox 1326 689 1421 730; x_wconf 88' lang='lat' dir='ltr'>omncs</span> 
     </span>
     <span class='ocr_line' id='line_1_4' title="bbox 129 757 1419 836; baseline 0.001 -18"><span class='ocrx_word' id='word_1_34' title='bbox 129 762 301 836; x_wconf 67' lang='lat' dir='ltr'>impudentiae</span> <span class='ocrx_word' id='word_1_35' title='bbox 331 761 402 818; x_wconf 89' lang='lat' dir='ltr'>larat</span> <span class='ocrx_word' id='word_1_36' title='bbox 432 761 564 824; x_wconf 81' lang='lat' dir='ltr'>habenas,</span> <span class='ocrx_word' id='word_1_37' title='bbox 598 760 681 816; x_wconf 89' lang='lat' dir='ltr'>nullis</span> <span class='ocrx_word' id='word_1_38' title='bbox 706 760 846 816; x_wconf 89' lang='lat' dir='ltr'>fraudibus</span> <span class='ocrx_word' id='word_1_39' title='bbox 874 759 998 832; x_wconf 90' lang='lat' dir='ltr'>dolisque</span> <span class='ocrx_word' id='word_1_40' title='bbox 1027 758 1079 815; x_wconf 91' lang='lat' dir='ltr'>boc</span> <span class='ocrx_word' id='word_1_41' title='bbox 1106 766 1264 832; x_wconf 75' lang='lat' dir='ltr'>portentum</span> <span class='ocrx_word' id='word_1_42' title='bbox 1292 757 1419 820; x_wconf 72' lang='lat' dir='ltr'>abstinet,</span> 
     </span>
     <span class='ocr_line' id='line_1_5' title="bbox 127 841 1420 921; baseline -0.004 -19"><span class='ocrx_word' id='word_1_43' title='bbox 127 848 160 902; x_wconf 89' lang='lat' dir='ltr'>ad</span> <span class='ocrx_word' id='word_1_44' title='bbox 182 846 329 903; x_wconf 90' lang='lat' dir='ltr'>fallendum</span> <span class='ocrx_word' id='word_1_45' title='bbox 352 846 515 921; x_wconf 89' lang='lat' dir='ltr'>simplicium</span> <span class='ocrx_word' id='word_1_46' title='bbox 544 854 648 902; x_wconf 80' lang='lat' dir='ltr'>mentes</span> <span class='ocrx_word' id='word_1_47' title='bbox 672 845 808 919; x_wconf 89' lang='lat' dir='ltr'>impendio</span> <span class='ocrx_word' id='word_1_48' title='bbox 831 845 924 900; x_wconf 81' lang='lat' dir='ltr'>audax.</span> <span class='ocrx_word' id='word_1_49' title='bbox 959 846 994 900; x_wconf 79' lang='lat' dir='ltr'>At</span> <span class='ocrx_word' id='word_1_50' title='bbox 1016 843 1080 916; x_wconf 91' lang='lat' dir='ltr'>quid</span> <span class='ocrx_word' id='word_1_51' title='bbox 1103 860 1159 899; x_wconf 92' lang='lat' dir='ltr'>non</span> <span class='ocrx_word' id='word_1_52' title='bbox 1181 844 1308 907; x_wconf 84' lang='lat' dir='ltr'>auderet,</span> <span class='ocrx_word' id='word_1_53' title='bbox 1336 841 1420 900; x_wconf 88' lang='lat' dir='ltr'>semel</span> 
     </span>
     <span class='ocr_line' id='line_1_6' title="bbox 102 929 1420 1004; baseline 0 -18"><span class='ocrx_word' id='word_1_54' title='bbox 102 933 225 987; x_wconf 86' lang='lat' dir='ltr'>⁵amissa</span> <span class='ocrx_word' id='word_1_55' title='bbox 248 933 405 993; x_wconf 88' lang='lat' dir='ltr'>honestate.</span> <span class='ocrx_word' id='word_1_56' title='bbox 443 932 610 988; x_wconf 84' lang='lat' dir='ltr'>nebulonum</span> <span class='ocrx_word' id='word_1_57' title='bbox 633 930 751 993; x_wconf 84' lang='lat' dir='ltr'>irralicia,</span> <span class='ocrx_word' id='word_1_58' title='bbox 788 930 832 1004; x_wconf 94' lang='lat' dir='ltr'>qui</span> <span class='ocrx_word' id='word_1_59' title='bbox 857 946 974 1003; x_wconf 74' lang='lat' dir='ltr'>quasque</span> <span class='ocrx_word' id='word_1_60' title='bbox 996 929 1076 985; x_wconf 86' lang='lat' dir='ltr'>etium</span> <span class='ocrx_word' id='word_1_61' title='bbox 1099 929 1255 1002; x_wconf 86' lang='lat' dir='ltr'>nephanda,</span> <span class='ocrx_word' id='word_1_62' title='bbox 1289 929 1337 986; x_wconf 92' lang='lat' dir='ltr'>ubi</span> <span class='ocrx_word' id='word_1_63' title='bbox 1357 946 1420 1003; x_wconf 89' lang='lat' dir='ltr'>spes</span> 
     </span>
     <span class='ocr_line' id='line_1_7' title="bbox 128 1007 1419 1090; baseline -0.002 -18"><span class='ocrx_word' id='word_1_64' title='bbox 128 1016 268 1072; x_wconf 75' lang='lat' dir='ltr'>refulserit</span> <span class='ocrx_word' id='word_1_65' title='bbox 289 1018 404 1079; x_wconf 88' lang='lat' dir='ltr'>nummi,</span> <span class='ocrx_word' id='word_1_66' title='bbox 432 1025 540 1090; x_wconf 88' lang='lat' dir='ltr'>patrare</span> <span class='ocrx_word' id='word_1_67' title='bbox 563 1007 618 1072; x_wconf 83' lang='grc' dir='ltr'>ιιοιι</span> <span class='ocrx_word' id='word_1_68' title='bbox 642 1017 785 1072; x_wconf 84' lang='lat' dir='ltr'>recusant?</span> <span class='ocrx_word' id='word_1_69' title='bbox 808 1015 863 1072; x_wconf 90' lang='lat' dir='ltr'>lfoc</span> <span class='ocrx_word' id='word_1_70' title='bbox 879 1023 921 1071; x_wconf 89' lang='lat' dir='ltr'>est</span> <span class='ocrx_word' id='word_1_71' title='bbox 938 1014 1008 1070; x_wconf 89' lang='lat' dir='ltr'>istud</span> <span class='ocrx_word' id='word_1_72' title='bbox 1031 1012 1108 1070; x_wconf 90' lang='lat' dir='ltr'>ulcus</span> <span class='ocrx_word' id='word_1_73' title='bbox 1124 1013 1198 1087; x_wconf 93' lang='lat' dir='ltr'>quod</span> <span class='ocrx_word' id='word_1_74' title='bbox 1216 1014 1288 1087; x_wconf 88' lang='lat' dir='ltr'>tangi</span> <span class='ocrx_word' id='word_1_75' title='bbox 1305 1013 1419 1076; x_wconf 88' lang='lat' dir='ltr'>nollent,</span> 
     </span>
     <span class='ocr_line' id='line_1_8' title="bbox 127 1098 1421 1176; baseline -0.002 -19"><span class='ocrx_word' id='word_1_76' title='bbox 127 1103 170 1157; x_wconf 91' lang='lat' dir='ltr'>cui</span> <span class='ocrx_word' id='word_1_77' title='bbox 194 1101 351 1157; x_wconf 84' lang='lat' dir='ltr'>novaculam</span> <span class='ocrx_word' id='word_1_78' title='bbox 375 1102 434 1157; x_wconf 85' lang='lat' dir='ltr'>addi</span> <span class='ocrx_word' id='word_1_79' title='bbox 458 1120 539 1176; x_wconf 89' lang='lat' dir='ltr'>posse</span> <span class='ocrx_word' id='word_1_80' title='bbox 561 1110 677 1174; x_wconf 91' lang='lat' dir='ltr'>negant:</span> <span class='ocrx_word' id='word_1_81' title='bbox 708 1103 816 1174; x_wconf 91' lang='lat' dir='ltr'>quoties</span> <span class='ocrx_word' id='word_1_82' title='bbox 839 1102 910 1156; x_wconf 91' lang='lat' dir='ltr'>enim</span> <span class='ocrx_word' id='word_1_83' title='bbox 934 1099 1033 1172; x_wconf 88' lang='lat' dir='ltr'>aliquis</span> <span class='ocrx_word' id='word_1_84' title='bbox 1057 1100 1179 1172; x_wconf 89' lang='lat' dir='ltr'>ipsorum</span> <span class='ocrx_word' id='word_1_85' title='bbox 1206 1098 1348 1155; x_wconf 78' lang='lat' dir='ltr'>avariciam</span> <span class='ocrx_word' id='word_1_86' title='bbox 1375 1100 1421 1155; x_wconf 87' lang='lat' dir='ltr'>da·</span> 
     </span>
     <span class='ocr_line' id='line_1_9' title="bbox 129 1183 1420 1259; baseline -0.002 -18"><span class='ocrx_word' id='word_1_87' title='bbox 129 1194 203 1242; x_wconf 90' lang='lat' dir='ltr'>mnat</span> <span class='ocrx_word' id='word_1_88' title='bbox 225 1194 273 1242; x_wconf 92' lang='lat' dir='ltr'>aut</span> <span class='ocrx_word' id='word_1_89' title='bbox 295 1196 367 1243; x_wconf 76' lang='lat' dir='ltr'>rectas</span> <span class='ocrx_word' id='word_1_90' title='bbox 385 1204 511 1243; x_wconf 83' lang='lat' dir='ltr'>revocare</span> <span class='ocrx_word' id='word_1_91' title='bbox 527 1187 681 1248; x_wconf 90' lang='lat' dir='ltr'>contendit,</span> <span class='ocrx_word' id='word_1_92' title='bbox 706 1186 748 1242; x_wconf 91' lang='lat' dir='ltr'>bic</span> <span class='ocrx_word' id='word_1_93' title='bbox 771 1186 897 1259; x_wconf 88' lang='lat' dir='ltr'>protinus</span> <span class='ocrx_word' id='word_1_94' title='bbox 921 1185 946 1240; x_wconf 92' lang='lat' dir='ltr'>in</span> <span class='ocrx_word' id='word_1_95' title='bbox 969 1183 1111 1240; x_wconf 88' lang='lat' dir='ltr'>ecclesiam</span> <span class='ocrx_word' id='word_1_96' title='bbox 1134 1192 1177 1240; x_wconf 91' lang='lat' dir='ltr'>est</span> <span class='ocrx_word' id='word_1_97' title='bbox 1199 1183 1313 1258; x_wconf 89' lang='lat' dir='ltr'>impius,</span> <span class='ocrx_word' id='word_1_98' title='bbox 1337 1184 1420 1241; x_wconf 89' lang='lat' dir='ltr'>saeri-</span> 
     </span>
     <span class='ocr_line' id='line_1_10' title="bbox 129 1268 1420 1346; baseline -0.002 -20"><span class='ocrx_word' id='word_1_99' title='bbox 129 1271 208 1344; x_wconf 86' lang='lat' dir='ltr'>legns</span> <span class='ocrx_word' id='word_1_100' title='bbox 237 1279 264 1327; x_wconf 92' lang='lat' dir='ltr'>et</span> <span class='ocrx_word' id='word_1_101' title='bbox 286 1271 373 1344; x_wconf 84' lang='lat' dir='ltr'>siquid</span> <span class='ocrx_word' id='word_1_102' title='bbox 398 1271 455 1327; x_wconf 91' lang='lat' dir='ltr'>ullo</span> <span class='ocrx_word' id='word_1_103' title='bbox 479 1272 587 1327; x_wconf 92' lang='lat' dir='ltr'>nomine</span> <span class='ocrx_word' id='word_1_104' title='bbox 610 1272 688 1346; x_wconf 90' lang='lat' dir='ltr'>peius</span> <span class='ocrx_word' id='word_1_105' title='bbox 710 1271 799 1333; x_wconf 91' lang='lat' dir='ltr'>audit,</span> <span class='ocrx_word' id='word_1_106' title='bbox 829 1271 880 1327; x_wconf 89' lang='lat' dir='ltr'>iam</span> <span class='ocrx_word' id='word_1_107' title='bbox 909 1286 963 1326; x_wconf 93' lang='lat' dir='ltr'>non</span> <span class='ocrx_word' id='word_1_108' title='bbox 986 1268 1169 1330; x_wconf 85' lang='lat' dir='ltr'>Christianus,</span> <span class='ocrx_word' id='word_1_109' title='bbox 1199 1270 1247 1326; x_wconf 90' lang='lat' dir='ltr'>sod</span> <span class='ocrx_word' id='word_1_110' title='bbox 1274 1268 1420 1326; x_wconf 86' lang='lat' dir='ltr'>haereticus</span> 
     </span>
     <span class='ocr_line' id='line_1_11' title="bbox 96 1353 1420 1431; baseline -0.002 -19"><span class='ocrx_word' id='word_1_111' title='bbox 96 1360 120 1400; x_wconf 83' lang='lat'>¹⁰</span> <span class='ocrx_word' id='word_1_112' title='bbox 130 1356 322 1413; x_wconf 90' lang='lat' dir='ltr'>conclamatur.</span> <span class='ocrx_word' id='word_1_113' title='bbox 355 1357 457 1430; x_wconf 88' lang='lat' dir='ltr'>llignns</span> <span class='ocrx_word' id='word_1_114' title='bbox 485 1358 640 1431; x_wconf 89' lang='lat' dir='ltr'>proscissor</span> <span class='ocrx_word' id='word_1_115' title='bbox 666 1355 813 1418; x_wconf 81' lang='lat' dir='ltr'>dleander,</span> <span class='ocrx_word' id='word_1_116' title='bbox 843 1356 888 1428; x_wconf 92' lang='lat' dir='ltr'>qni</span> <span class='ocrx_word' id='word_1_117' title='bbox 918 1354 1086 1429; x_wconf 68' lang='lat' dir='ltr'>predicatores</span> <span class='ocrx_word' id='word_1_118' title='bbox 1109 1353 1257 1411; x_wconf 89' lang='lat' dir='ltr'>monachos</span> <span class='ocrx_word' id='word_1_119' title='bbox 1284 1354 1420 1416; x_wconf 84' lang='lat' dir='ltr'>defendat,</span> 
     </span>
     <span class='ocr_line' id='line_1_12' title="bbox 129 1439 1418 1515; baseline -0.002 -19"><span class='ocrx_word' id='word_1_120' title='bbox 129 1449 156 1496; x_wconf 88' lang='lat' dir='ltr'>et</span> <span class='ocrx_word' id='word_1_121' title='bbox 183 1440 295 1514; x_wconf 86' lang='lat' dir='ltr'>flagitiis</span> <span class='ocrx_word' id='word_1_122' title='bbox 318 1440 485 1497; x_wconf 70' lang='lat' dir='ltr'>fabricandis</span> <span class='ocrx_word' id='word_1_123' title='bbox 514 1442 635 1503; x_wconf 85' lang='lat' dir='ltr'>adiuvet,</span> <span class='ocrx_word' id='word_1_124' title='bbox 663 1441 690 1497; x_wconf 92' lang='lat' dir='ltr'>in</span> <span class='ocrx_word' id='word_1_125' title='bbox 723 1442 751 1497; x_wconf 92' lang='lat' dir='ltr'>id</span> <span class='ocrx_word' id='word_1_126' title='bbox 780 1441 888 1515; x_wconf 89' lang='lat' dir='ltr'>quidem</span> <span class='ocrx_word' id='word_1_127' title='bbox 917 1440 999 1496; x_wconf 88' lang='lat' dir='ltr'>Roma</span> <span class='ocrx_word' id='word_1_128' title='bbox 1028 1455 1116 1513; x_wconf 89' lang='lat' dir='ltr'>usque</span> <span class='ocrx_word' id='word_1_129' title='bbox 1143 1447 1272 1496; x_wconf 85' lang='lat' dir='ltr'>evocatus</span> <span class='ocrx_word' id='word_1_130' title='bbox 1303 1439 1418 1496; x_wconf 80' lang='lat' dir='ltr'>aslvenit.</span> 
     </span>
     <span class='ocr_line' id='line_1_13' title="bbox 129 1524 1420 1601; baseline -0.001 -20"><span class='ocrx_word' id='word_1_131' title='bbox 129 1542 244 1599; x_wconf 89' lang='lat' dir='ltr'>quornm</span> <span class='ocrx_word' id='word_1_132' title='bbox 268 1524 373 1581; x_wconf 89' lang='lat' dir='ltr'>malicia</span> <span class='ocrx_word' id='word_1_133' title='bbox 402 1534 430 1582; x_wconf 90' lang='lat' dir='ltr'>et</span> <span class='ocrx_word' id='word_1_134' title='bbox 453 1527 669 1601; x_wconf 87' lang='lat' dir='ltr'>inquinatissima</span> <span class='ocrx_word' id='word_1_135' title='bbox 692 1543 797 1583; x_wconf 93' lang='lat' dir='ltr'>morum</span> <span class='ocrx_word' id='word_1_136' title='bbox 820 1525 905 1581; x_wconf 91' lang='lat' dir='ltr'>libide</span> <span class='ocrx_word' id='word_1_137' title='bbox 934 1525 984 1581; x_wconf 89' lang='lat' dir='ltr'>toti</span> <span class='ocrx_word' id='word_1_138' title='bbox 1006 1525 1107 1581; x_wconf 91' lang='lat' dir='ltr'>mundo</span> <span class='ocrx_word' id='word_1_139' title='bbox 1130 1525 1275 1597; x_wconf 76' lang='lat' dir='ltr'>negocium</span> <span class='ocrx_word' id='word_1_140' title='bbox 1298 1524 1350 1580; x_wconf 79' lang='lat' dir='ltr'>ianr</span> <span class='ocrx_word' id='word_1_141' title='bbox 1373 1525 1420 1580; x_wconf 91' lang='lat' dir='ltr'>diu</span> 
     </span>
     <span class='ocr_line' id='line_1_14' title="bbox 129 1608 1419 1685; baseline -0.002 -20"><span class='ocrx_word' id='word_1_142' title='bbox 129 1611 207 1673; x_wconf 88' lang='lat' dir='ltr'>fecit,</span> <span class='ocrx_word' id='word_1_143' title='bbox 230 1611 364 1667; x_wconf 90' lang='lat' dir='ltr'>neminem</span> <span class='ocrx_word' id='word_1_144' title='bbox 387 1628 441 1667; x_wconf 90' lang='lat' dir='ltr'>non</span> <span class='ocrx_word' id='word_1_145' title='bbox 466 1612 600 1685; x_wconf 88' lang='lat' dir='ltr'>prodidit.</span> <span class='ocrx_word' id='word_1_146' title='bbox 624 1610 748 1672; x_wconf 85' lang='lat' dir='ltr'>violavit.</span> <span class='ocrx_word' id='word_1_147' title='bbox 772 1611 880 1671; x_wconf 77' lang='lat' dir='ltr'>adcrevit</span> <span class='ocrx_word' id='word_1_148' title='bbox 895 1619 922 1666; x_wconf 90' lang='lat' dir='ltr'>et</span> <span class='ocrx_word' id='word_1_149' title='bbox 938 1610 1086 1666; x_wconf 88' lang='lat' dir='ltr'>interemit.</span> <span class='ocrx_word' id='word_1_150' title='bbox 1110 1609 1138 1665; x_wconf 91' lang='lat' dir='ltr'>in</span> <span class='ocrx_word' id='word_1_151' title='bbox 1162 1626 1229 1683; x_wconf 83' lang='lat' dir='ltr'>quas</span> <span class='ocrx_word' id='word_1_152' title='bbox 1251 1608 1419 1684; x_wconf 84' lang='lat' dir='ltr'>respublicas</span> 
     </span>
     <span class='ocr_line' id='line_1_15' title="bbox 127 1693 1420 1769; baseline 0 -19"><span class='ocrx_word' id='word_1_153' title='bbox 127 1696 253 1768; x_wconf 88' lang='lat' dir='ltr'>pessimis</span> <span class='ocrx_word' id='word_1_154' title='bbox 275 1695 380 1751; x_wconf 88' lang='lat' dir='ltr'>artibus</span> <span class='ocrx_word' id='word_1_155' title='bbox 402 1712 461 1752; x_wconf 90' lang='lat' dir='ltr'>sese</span> <span class='ocrx_word' id='word_1_156' title='bbox 484 1714 540 1752; x_wconf 93' lang='lat' dir='ltr'>non</span> <span class='ocrx_word' id='word_1_157' title='bbox 562 1697 726 1752; x_wconf 81' lang='lat' dir='ltr'>insinuavit?</span> <span class='ocrx_word' id='word_1_158' title='bbox 749 1714 810 1769; x_wconf 83' lang='lat' dir='ltr'>quae</span> <span class='ocrx_word' id='word_1_159' title='bbox 833 1714 929 1769; x_wconf 89' lang='lat' dir='ltr'>regna,</span> <span class='ocrx_word' id='word_1_160' title='bbox 952 1694 998 1751; x_wconf 89' lang='lat' dir='ltr'>ubi</span> <span class='ocrx_word' id='word_1_161' title='bbox 1023 1693 1167 1768; x_wconf 86' lang='lat' dir='ltr'>aliquando</span> <span class='ocrx_word' id='word_1_162' title='bbox 1190 1695 1284 1752; x_wconf 92' lang='lat' dir='ltr'>nidum</span> <span class='ocrx_word' id='word_1_163' title='bbox 1306 1711 1420 1769; x_wconf 88' lang='lat' dir='ltr'>suspen·</span> 
     </span>
     <span class='ocr_line' id='line_1_16' title="bbox 98 1779 1419 1855; baseline 0.002 -22"><span class='ocrx_word' id='word_1_164' title='bbox 98 1780 193 1835; x_wconf 77' lang='lat' dir='ltr'>indere</span> <span class='ocrx_word' id='word_1_165' title='bbox 214 1781 312 1855; x_wconf 75' lang='lat' dir='ltr'>coepit,</span> <span class='ocrx_word' id='word_1_166' title='bbox 335 1798 389 1836; x_wconf 94' lang='lat' dir='ltr'>non</span> <span class='ocrx_word' id='word_1_167' title='bbox 413 1790 531 1838; x_wconf 76' lang='lat' dir='ltr'>extreme</span> <span class='ocrx_word' id='word_1_168' title='bbox 553 1781 698 1838; x_wconf 88' lang='lat' dir='ltr'>commovit</span> <span class='ocrx_word' id='word_1_169' title='bbox 727 1799 757 1837; x_wconf 89' lang='lat' dir='ltr'>ac</span> <span class='ocrx_word' id='word_1_170' title='bbox 779 1781 985 1838; x_wconf 81' lang='lat' dir='ltr'>seditiosissime</span> <span class='ocrx_word' id='word_1_171' title='bbox 1009 1779 1142 1836; x_wconf 76' lang='lat' dir='ltr'>turbavit?</span> <span class='ocrx_word' id='word_1_172' title='bbox 1176 1796 1245 1852; x_wconf 93' lang='lat' dir='ltr'>quos</span> <span class='ocrx_word' id='word_1_173' title='bbox 1272 1781 1419 1854; x_wconf 89' lang='lat' dir='ltr'>principes,</span> 
     </span>
     <span class='ocr_line' id='line_1_17' title="bbox 128 1864 1419 1940; baseline 0.001 -20"><span class='ocrx_word' id='word_1_174' title='bbox 128 1881 208 1938; x_wconf 89' lang='lat' dir='ltr'>reges</span> <span class='ocrx_word' id='word_1_175' title='bbox 230 1865 405 1939; x_wconf 82' lang='lat' dir='ltr'>Caesaresque</span> <span class='ocrx_word' id='word_1_176' title='bbox 427 1865 497 1922; x_wconf 91' lang='lat' dir='ltr'>male</span> <span class='ocrx_word' id='word_1_177' title='bbox 521 1867 661 1922; x_wconf 89' lang='lat' dir='ltr'>tractando</span> <span class='ocrx_word' id='word_1_178' title='bbox 684 1883 738 1922; x_wconf 95' lang='lat' dir='ltr'>non</span> <span class='ocrx_word' id='word_1_179' title='bbox 762 1866 873 1940; x_wconf 82' lang='lat' dir='ltr'>infecit?¹</span> <span class='ocrx_word' id='word_1_180' title='bbox 898 1867 975 1923; x_wconf 91' lang='lat' dir='ltr'>cuius</span> <span class='ocrx_word' id='word_1_181' title='bbox 998 1864 1126 1920; x_wconf 89' lang='lat' dir='ltr'>familiam</span> <span class='ocrx_word' id='word_1_182' title='bbox 1149 1882 1204 1921; x_wconf 93' lang='lat' dir='ltr'>non</span> <span class='ocrx_word' id='word_1_183' title='bbox 1225 1867 1351 1939; x_wconf 89' lang='lat' dir='ltr'>corrupit</span> <span class='ocrx_word' id='word_1_184' title='bbox 1372 1874 1419 1921; x_wconf 89' lang='lat' dir='ltr'>aut</span> 
     </span>
    </p>

    <p class='ocr_par' dir='ltr' id='par_1_3' title="bbox 37 1949 1475 3297">
     <span class='ocr_line' id='line_1_18' title="bbox 128 1949 1475 2024; baseline 0 -18"><span class='ocrx_word' id='word_1_185' title='bbox 128 1949 223 2006; x_wconf 91' lang='lat' dir='ltr'>saltem</span> <span class='ocrx_word' id='word_1_186' title='bbox 246 1950 419 2006; x_wconf 87' lang='lat' dir='ltr'>sollicitavit?</span> <span class='ocrx_word' id='word_1_187' title='bbox 442 1950 512 2006; x_wconf 85' lang='lat' dir='ltr'>Nihil</span> <span class='ocrx_word' id='word_1_188' title='bbox 535 1951 660 2024; x_wconf 90' lang='lat' dir='ltr'>profecto</span> <span class='ocrx_word' id='word_1_189' title='bbox 683 1951 716 2007; x_wconf 90' lang='lat' dir='ltr'>ab</span> <span class='ocrx_word' id='word_1_190' title='bbox 740 1952 836 2007; x_wconf 90' lang='lat' dir='ltr'>horum</span> <span class='ocrx_word' id='word_1_191' title='bbox 853 1949 951 2007; x_wconf 89' lang='lat' dir='ltr'>salacia</span> <span class='ocrx_word' id='word_1_192' title='bbox 967 1967 1065 2024; x_wconf 91' lang='lat' dir='ltr'>purum</span> <span class='ocrx_word' id='word_1_193' title='bbox 1081 1966 1241 2023; x_wconf 90' lang='lat' dir='ltr'>permanere</span> <span class='ocrx_word' id='word_1_194' title='bbox 1256 1950 1302 2005; x_wconf 90' lang='lat' dir='ltr'>diu</span> <span class='ocrx_word' id='word_1_195' title='bbox 1317 1958 1418 2024; x_wconf 88' lang='lat' dir='ltr'>potest.</span> <span class='ocrx_word' id='word_1_196' title='bbox 1430 1960 1475 2009; x_wconf 71' lang='lat' dir='ltr'>§.a</span> 
     </span>
     <span class='ocr_line' id='line_1_19' title="bbox 127 2033 1419 2109; baseline 0 -19"><span class='ocrx_word' id='word_1_197' title='bbox 127 2035 194 2090; x_wconf 88' lang='lat' dir='ltr'>diris</span> <span class='ocrx_word' id='word_1_198' title='bbox 221 2034 328 2091; x_wconf 86' lang='lat' dir='ltr'>‹levovit</span> <span class='ocrx_word' id='word_1_199' title='bbox 357 2033 422 2091; x_wconf 90' lang='lat' dir='ltr'>olim</span> <span class='ocrx_word' id='word_1_200' title='bbox 452 2035 666 2109; x_wconf 69' lang='lat' dir='ltr'>templariorum</span> <span class='ocrx_word' id='word_1_201' title='bbox 696 2036 839 2092; x_wconf 90' lang='lat' dir='ltr'>factionem</span> <span class='ocrx_word' id='word_1_202' title='bbox 863 2035 984 2092; x_wconf 87' lang='lat' dir='ltr'>Clemens</span> <span class='ocrx_word' id='word_1_203' title='bbox 1008 2035 1135 2108; x_wconf 79' lang='lat' dir='ltr'>quintus:</span> <span class='ocrx_word' id='word_1_204' title='bbox 1167 2034 1239 2109; x_wconf 92' lang='lat' dir='ltr'>quod</span> <span class='ocrx_word' id='word_1_205' title='bbox 1268 2037 1291 2091; x_wconf 92' lang='lat' dir='ltr'>si</span> <span class='ocrx_word' id='word_1_206' title='bbox 1320 2035 1419 2092; x_wconf 91' lang='lat' dir='ltr'>borum</span> 
     </span>
     <span class='ocr_line' id='line_1_20' title="bbox 128 2118 1419 2194; baseline 0.001 -21"><span class='ocrx_word' id='word_1_207' title='bbox 128 2119 208 2175; x_wconf 89' lang='lat' dir='ltr'>vitam</span> <span class='ocrx_word' id='word_1_208' title='bbox 230 2137 291 2176; x_wconf 91' lang='lat' dir='ltr'>curn</span> <span class='ocrx_word' id='word_1_209' title='bbox 313 2119 423 2176; x_wconf 91' lang='lat' dir='ltr'>illorum</span> <span class='ocrx_word' id='word_1_210' title='bbox 447 2121 569 2177; x_wconf 90' lang='lat' dir='ltr'>moribus</span> <span class='ocrx_word' id='word_1_211' title='bbox 591 2121 779 2183; x_wconf 89' lang='lat' dir='ltr'>conferamus,</span> <span class='ocrx_word' id='word_1_212' title='bbox 808 2121 836 2175; x_wconf 91' lang='lat' dir='ltr'>bi</span> <span class='ocrx_word' id='word_1_213' title='bbox 865 2138 896 2176; x_wconf 83' lang='lat' dir='ltr'>ea</span> <span class='ocrx_word' id='word_1_214' title='bbox 926 2120 998 2176; x_wconf 90' lang='lat' dir='ltr'>omni</span> <span class='ocrx_word' id='word_1_215' title='bbox 1031 2127 1165 2177; x_wconf 89' lang='lat' dir='ltr'>terrarum</span> <span class='ocrx_word' id='word_1_216' title='bbox 1194 2118 1261 2176; x_wconf 91' lang='lat' dir='ltr'>erbe</span> <span class='ocrx_word' id='word_1_217' title='bbox 1283 2119 1419 2194; x_wconf 89' lang='lat' dir='ltr'>proscribi</span> 
     </span>
     <span class='ocr_line' id='line_1_21' title="bbox 94 2203 1419 2279; baseline 0.001 -21"><span class='ocrx_word' id='word_1_218' title='bbox 94 2203 212 2277; x_wconf 74' lang='lat' dir='ltr'>solonge</span> <span class='ocrx_word' id='word_1_219' title='bbox 245 2222 325 2277; x_wconf 84' lang='lat' dir='ltr'>quem</span> <span class='ocrx_word' id='word_1_220' title='bbox 357 2204 395 2260; x_wconf 92' lang='lat' dir='ltr'>illi</span> <span class='ocrx_word' id='word_1_221' title='bbox 423 2205 562 2279; x_wconf 85' lang='lat' dir='ltr'>digniores</span> <span class='ocrx_word' id='word_1_222' title='bbox 589 2206 775 2262; x_wconf 85' lang='lat' dir='ltr'>invenientur:</span> <span class='ocrx_word' id='word_1_223' title='bbox 810 2206 858 2262; x_wconf 90' lang='lat' dir='ltr'>sed</span> <span class='ocrx_word' id='word_1_224' title='bbox 885 2206 968 2261; x_wconf 92' lang='lat' dir='ltr'>altius</span> <span class='ocrx_word' id='word_1_225' title='bbox 997 2221 1076 2278; x_wconf 88' lang='lat' dir='ltr'>quam</span> <span class='ocrx_word' id='word_1_226' title='bbox 1104 2212 1135 2260; x_wconf 94' lang='lat' dir='ltr'>ut</span> <span class='ocrx_word' id='word_1_227' title='bbox 1164 2203 1243 2262; x_wconf 89' lang='lat' dir='ltr'>evelli</span> <span class='ocrx_word' id='word_1_228' title='bbox 1265 2206 1323 2261; x_wconf 80' lang='lat' dir='ltr'>baec</span> <span class='ocrx_word' id='word_1_229' title='bbox 1344 2203 1419 2260; x_wconf 85' lang='lat' dir='ltr'>labes</span> 
     </span>
     <span class='ocr_line' id='line_1_22' title="bbox 37 2288 1420 2364; baseline 0 -19"><span class='ocrx_word' id='word_1_230' title='bbox 37 2343 44 2355; x_wconf 78' lang='grc'><em>,</em></span> <span class='ocrx_word' id='word_1_231' title='bbox 127 2289 229 2361; x_wconf 90' lang='lat' dir='ltr'>possit,</span> <span class='ocrx_word' id='word_1_232' title='bbox 264 2288 355 2346; x_wconf 89' lang='lat' dir='ltr'>telluri</span> <span class='ocrx_word' id='word_1_233' title='bbox 380 2291 490 2352; x_wconf 88' lang='lat' dir='ltr'>insedit,</span> <span class='ocrx_word' id='word_1_234' title='bbox 520 2289 595 2347; x_wconf 93' lang='lat' dir='ltr'>nullo</span> <span class='ocrx_word' id='word_1_235' title='bbox 619 2290 758 2364; x_wconf 92' lang='lat' dir='ltr'>peniculo,</span> <span class='ocrx_word' id='word_1_236' title='bbox 788 2291 835 2346; x_wconf 90' lang='lat' dir='ltr'>sod</span> <span class='ocrx_word' id='word_1_237' title='bbox 858 2289 977 2346; x_wconf 89' lang='lat' dir='ltr'>rastellis</span> <span class='ocrx_word' id='word_1_238' title='bbox 1005 2298 1032 2345; x_wconf 90' lang='lat' dir='ltr'>et</span> <span class='ocrx_word' id='word_1_239' title='bbox 1060 2288 1200 2362; x_wconf 88' lang='lat' dir='ltr'>ligonibus</span> <span class='ocrx_word' id='word_1_240' title='bbox 1228 2289 1420 2364; x_wconf 83' lang='lat' dir='ltr'>abstergenda,</span> 
     </span>
     <span class='ocr_line' id='line_1_23' title="bbox 128 2372 1419 2449; baseline 0.002 -22"><span class='ocrx_word' id='word_1_241' title='bbox 128 2390 161 2428; x_wconf 91' lang='lat' dir='ltr'>ne</span> <span class='ocrx_word' id='word_1_242' title='bbox 191 2390 255 2447; x_wconf 88' lang='lat' dir='ltr'>pars</span> <span class='ocrx_word' id='word_1_243' title='bbox 283 2391 396 2448; x_wconf 73' lang='lat' dir='ltr'>syncera</span> <span class='ocrx_word' id='word_1_244' title='bbox 426 2375 479 2431; x_wconf 90' lang='lat' dir='ltr'>boe</span> <span class='ocrx_word' id='word_1_245' title='bbox 509 2385 610 2448; x_wconf 90' lang='lat' dir='ltr'>putore</span> <span class='ocrx_word' id='word_1_246' title='bbox 639 2375 738 2432; x_wconf 84' lang='lat' dir='ltr'>infecta</span> <span class='ocrx_word' id='word_1_247' title='bbox 766 2378 792 2431; x_wconf 93' lang='lat' dir='ltr'>in</span> <span class='ocrx_word' id='word_1_248' title='bbox 823 2376 1003 2449; x_wconf 76' lang='lat' dir='ltr'>praecipitium</span> <span class='ocrx_word' id='word_1_249' title='bbox 1031 2374 1199 2431; x_wconf 89' lang='lat' dir='ltr'>demittatur.</span> <span class='ocrx_word' id='word_1_250' title='bbox 1237 2372 1318 2442; x_wconf 76' lang='lat' dir='ltr'>Quis,</span> <span class='ocrx_word' id='word_1_251' title='bbox 1347 2374 1419 2430; x_wconf 92' lang='lat' dir='ltr'>bone</span> 
     </span>
     <span class='ocr_line' id='line_1_24' title="bbox 127 2454 1420 2536; baseline 0.002 -23"><span class='ocrx_word' id='word_1_252' title='bbox 127 2457 247 2521; x_wconf 86' lang='lat' dir='ltr'>Christe,</span> <span class='ocrx_word' id='word_1_253' title='bbox 282 2476 312 2515; x_wconf 90' lang='lat' dir='ltr'>ea</span> <span class='ocrx_word' id='word_1_254' title='bbox 340 2459 443 2516; x_wconf 88' lang='lat' dir='ltr'>scelera</span> <span class='ocrx_word' id='word_1_255' title='bbox 471 2477 526 2516; x_wconf 91' lang='lat' dir='ltr'>non</span> <span class='ocrx_word' id='word_1_256' title='bbox 554 2461 667 2516; x_wconf 87' lang='lat' dir='ltr'>auderet</span> <span class='ocrx_word' id='word_1_257' title='bbox 689 2459 796 2516; x_wconf 88' lang='lat' dir='ltr'>volvere</span> <span class='ocrx_word' id='word_1_258' title='bbox 819 2469 847 2516; x_wconf 91' lang='lat' dir='ltr'>et</span> <span class='ocrx_word' id='word_1_259' title='bbox 875 2463 933 2517; x_wconf 90' lang='lat' dir='ltr'>sine</span> <span class='ocrx_word' id='word_1_260' title='bbox 957 2454 1068 2536; x_wconf 72' lang='lat' dir='ltr'>ingeniti</span> <span class='ocrx_word' id='word_1_261' title='bbox 1093 2460 1273 2534; x_wconf 86' lang='lat' dir='ltr'>trepidatione</span> <span class='ocrx_word' id='word_1_262' title='bbox 1296 2460 1420 2533; x_wconf 90' lang='lat' dir='ltr'>cogitare</span> 
     </span>
     <span class='ocr_line' id='line_1_25' title="bbox 127 2543 1420 2619; baseline 0.001 -20"><span class='ocrx_word' id='word_1_263' title='bbox 127 2543 224 2605; x_wconf 89' lang='lat' dir='ltr'>modo,</span> <span class='ocrx_word' id='word_1_264' title='bbox 253 2560 314 2617; x_wconf 79' lang='lat' dir='ltr'>quac</span> <span class='ocrx_word' id='word_1_265' title='bbox 337 2545 503 2618; x_wconf 86' lang='lat' dir='ltr'>impostores</span> <span class='ocrx_word' id='word_1_266' title='bbox 531 2546 576 2601; x_wconf 92' lang='lat' dir='ltr'>isti</span> <span class='ocrx_word' id='word_1_267' title='bbox 600 2545 731 2619; x_wconf 79' lang='lat' dir='ltr'>perficere</span> <span class='ocrx_word' id='word_1_268' title='bbox 754 2562 809 2601; x_wconf 90' lang='lat' dir='ltr'>non</span> <span class='ocrx_word' id='word_1_269' title='bbox 833 2554 973 2601; x_wconf 88' lang='lat' dir='ltr'>verentur:</span> <span class='ocrx_word' id='word_1_270' title='bbox 1003 2562 1066 2601; x_wconf 91' lang='lat' dir='ltr'>num</span> <span class='ocrx_word' id='word_1_271' title='bbox 1090 2544 1216 2601; x_wconf 82' lang='lat' dir='ltr'>Rornanae</span> <span class='ocrx_word' id='word_1_272' title='bbox 1239 2544 1311 2601; x_wconf 89' lang='lat' dir='ltr'>sedis</span> <span class='ocrx_word' id='word_1_273' title='bbox 1333 2545 1420 2618; x_wconf 88' lang='lat' dir='ltr'>lmpc-</span> 
     </span>
     <span class='ocr_line' id='line_1_26' title="bbox 93 2629 1419 2703; baseline 0.001 -20"><span class='ocrx_word' id='word_1_274' title='bbox 93 2640 118 2679; x_wconf 76' lang='lat' dir='ltr'>aa</span> <span class='ocrx_word' id='word_1_275' title='bbox 128 2635 247 2684; x_wconf 81' lang='lat' dir='ltr'>retorem</span> <span class='ocrx_word' id='word_1_276' title='bbox 277 2629 440 2692; x_wconf 88' lang='lat' dir='ltr'>sustollere,</span> <span class='ocrx_word' id='word_1_277' title='bbox 468 2638 510 2692; x_wconf 86' lang='lat' dir='ltr'>et,</span> <span class='ocrx_word' id='word_1_278' title='bbox 544 2631 617 2703; x_wconf 92' lang='lat' dir='ltr'>quod</span> <span class='ocrx_word' id='word_1_279' title='bbox 639 2630 726 2687; x_wconf 92' lang='lat' dir='ltr'>multo</span> <span class='ocrx_word' id='word_1_280' title='bbox 750 2631 869 2688; x_wconf 91' lang='lat' dir='ltr'>omniurn</span> <span class='ocrx_word' id='word_1_281' title='bbox 898 2630 1156 2692; x_wconf 87' lang='lat' dir='ltr'>horrendissimum,</span> <span class='ocrx_word' id='word_1_282' title='bbox 1186 2630 1214 2685; x_wconf 90' lang='lat' dir='ltr'>in</span> <span class='ocrx_word' id='word_1_283' title='bbox 1243 2637 1419 2686; x_wconf 89' lang='lat' dir='ltr'>sacrosancto</span> 
     </span>
     <span class='ocr_line' id='line_1_27' title="bbox 126 2712 1419 2780; baseline 0 -12"><span class='ocrx_word' id='word_1_284' title='bbox 126 2713 298 2770; x_wconf 83' lang='lat' dir='ltr'>eucharistiae</span> <span class='ocrx_word' id='word_1_285' title='bbox 320 2725 490 2771; x_wconf 89' lang='lat' dir='ltr'>sacramento</span> <span class='ocrx_word' id='word_1_286' title='bbox 515 2716 604 2771; x_wconf 81' lang='lat' dir='ltr'>toxico</span> <span class='ocrx_word' id='word_1_287' title='bbox 626 2714 659 2770; x_wconf 93' lang='lat' dir='ltr'>de</span> <span class='ocrx_word' id='word_1_288' title='bbox 681 2715 769 2771; x_wconf 92' lang='lat' dir='ltr'>medio</span> <span class='ocrx_word' id='word_1_289' title='bbox 792 2714 902 2771; x_wconf 90' lang='lat' dir='ltr'>anferre</span> <span class='ocrx_word' id='word_1_290' title='bbox 925 2715 982 2772; x_wconf 90' lang='lat' dir='ltr'>ausi</span> <span class='ocrx_word' id='word_1_291' title='bbox 999 2713 1081 2770; x_wconf 88' lang='lat' dir='ltr'>suntl</span> <span class='ocrx_word' id='word_1_292' title='bbox 1111 2712 1176 2780; x_wconf 80' lang='lat' dir='ltr'>uuis</span> <span class='ocrx_word' id='word_1_293' title='bbox 1200 2714 1316 2770; x_wconf 88' lang='lat' dir='ltr'>inomni</span> <span class='ocrx_word' id='word_1_294' title='bbox 1339 2720 1419 2770; x_wconf 79' lang='lat' dir='ltr'>aetate</span> 
     </span>
     <span class='ocr_line' id='line_1_28' title="bbox 127 2796 1419 2873; baseline 0 -21"><span class='ocrx_word' id='word_1_295' title='bbox 127 2798 248 2855; x_wconf 89' lang='lat' dir='ltr'>atrocius</span> <span class='ocrx_word' id='word_1_296' title='bbox 279 2798 411 2871; x_wconf 87' lang='lat' dir='ltr'>flagitium</span> <span class='ocrx_word' id='word_1_297' title='bbox 441 2817 558 2873; x_wconf 88' lang='lat' dir='ltr'>unquam</span> <span class='ocrx_word' id='word_1_298' title='bbox 588 2800 689 2855; x_wconf 85' lang='lat' dir='ltr'>audivit</span> <span class='ocrx_word' id='word_1_299' title='bbox 717 2816 797 2873; x_wconf 90' lang='lat' dir='ltr'>quam</span> <span class='ocrx_word' id='word_1_300' title='bbox 832 2799 905 2872; x_wconf 90' lang='lat' dir='ltr'>quod</span> <span class='ocrx_word' id='word_1_301' title='bbox 927 2799 1071 2855; x_wconf 79' lang='lat' dir='ltr'>dernensis</span> <span class='ocrx_word' id='word_1_302' title='bbox 1100 2798 1212 2855; x_wconf 79' lang='lat' dir='ltr'>flammae</span> <span class='ocrx_word' id='word_1_303' title='bbox 1239 2806 1350 2855; x_wconf 88' lang='lat' dir='ltr'>sanctus</span> <span class='ocrx_word' id='word_1_304' title='bbox 1371 2796 1419 2853; x_wconf 90' lang='lat' dir='ltr'>ille</span> 
     </span>
     <span class='ocr_line' id='line_1_29' title="bbox 128 2880 1418 2957; baseline 0.001 -21"><span class='ocrx_word' id='word_1_305' title='bbox 128 2882 199 2955; x_wconf 90' lang='lat' dir='ltr'>ignis</span> <span class='ocrx_word' id='word_1_306' title='bbox 220 2882 291 2940; x_wconf 85' lang='lat' dir='ltr'>coelo</span> <span class='ocrx_word' id='word_1_307' title='bbox 314 2884 405 2940; x_wconf 89' lang='lat' dir='ltr'>ultore</span> <span class='ocrx_word' id='word_1_308' title='bbox 428 2884 559 2957; x_wconf 81' lang='lat' dir='ltr'>expiavit?</span> <span class='ocrx_word' id='word_1_309' title='bbox 595 2892 625 2939; x_wconf 94' lang='lat' dir='ltr'>ut</span> <span class='ocrx_word' id='word_1_310' title='bbox 647 2883 834 2940; x_wconf 83' lang='lat' dir='ltr'>Florentinum</span> <span class='ocrx_word' id='word_1_311' title='bbox 857 2882 961 2940; x_wconf 91' lang='lat' dir='ltr'>facinus</span> <span class='ocrx_word' id='word_1_312' title='bbox 984 2891 1012 2939; x_wconf 92' lang='lat' dir='ltr'>et</span> <span class='ocrx_word' id='word_1_313' title='bbox 1034 2880 1108 2939; x_wconf 85' lang='lat' dir='ltr'>inille</span> <span class='ocrx_word' id='word_1_314' title='bbox 1130 2883 1189 2940; x_wconf 87' lang='lat' dir='ltr'>eius</span> <span class='ocrx_word' id='word_1_315' title='bbox 1212 2883 1321 2955; x_wconf 89' lang='lat' dir='ltr'>generis</span> <span class='ocrx_word' id='word_1_316' title='bbox 1336 2883 1418 2938; x_wconf 91' lang='lat' dir='ltr'>ctiam</span> 
     </span>
     <span class='ocr_line' id='line_1_30' title="bbox 126 2966 1419 3041; baseline 0 -19"><span class='ocrx_word' id='word_1_317' title='bbox 126 2973 243 3030; x_wconf 88' lang='lat' dir='ltr'>taceam,</span> <span class='ocrx_word' id='word_1_318' title='bbox 267 2986 334 3041; x_wconf 81' lang='lat' dir='ltr'>qum</span> <span class='ocrx_word' id='word_1_319' title='bbox 357 2986 418 3025; x_wconf 88' lang='lat' dir='ltr'>curn</span> <span class='ocrx_word' id='word_1_320' title='bbox 441 2966 565 3041; x_wconf 84' lang='lat' dir='ltr'>epistolas</span> <span class='ocrx_word' id='word_1_321' title='bbox 588 2967 716 3041; x_wconf 90' lang='lat' dir='ltr'>prohibet</span> <span class='ocrx_word' id='word_1_322' title='bbox 739 2967 871 3030; x_wconf 89' lang='lat' dir='ltr'>brevitas,</span> <span class='ocrx_word' id='word_1_323' title='bbox 901 2976 957 3024; x_wconf 93' lang='lat' dir='ltr'>tum</span> <span class='ocrx_word' id='word_1_324' title='bbox 981 2968 1126 3024; x_wconf 91' lang='lat' dir='ltr'>memorari</span> <span class='ocrx_word' id='word_1_325' title='bbox 1157 2984 1265 3041; x_wconf 89' lang='lat' dir='ltr'>quoque</span> <span class='ocrx_word' id='word_1_326' title='bbox 1288 2966 1419 3023; x_wconf 88' lang='lat' dir='ltr'>abhorret</span> 
     </span>
     <span class='ocr_line' id='line_1_31' title="bbox 94 3052 1419 3127; baseline 0 -19"><span class='ocrx_word' id='word_1_327' title='bbox 94 3053 243 3110; x_wconf 80' lang='lat' dir='ltr'>matrimus.</span> <span class='ocrx_word' id='word_1_328' title='bbox 271 3070 354 3109; x_wconf 92' lang='lat' dir='ltr'>unum</span> <span class='ocrx_word' id='word_1_329' title='bbox 385 3055 452 3113; x_wconf 85' lang='lat' dir='ltr'>boc.</span> <span class='ocrx_word' id='word_1_330' title='bbox 480 3052 553 3126; x_wconf 86' lang='lat' dir='ltr'>qnod</span> <span class='ocrx_word' id='word_1_331' title='bbox 581 3070 676 3109; x_wconf 89' lang='lat' dir='ltr'>recens</span> <span class='ocrx_word' id='word_1_332' title='bbox 702 3062 729 3108; x_wconf 91' lang='lat' dir='ltr'>et</span> <span class='ocrx_word' id='word_1_333' title='bbox 760 3053 846 3109; x_wconf 88' lang='lat' dir='ltr'>adbuc</span> <span class='ocrx_word' id='word_1_334' title='bbox 873 3069 1006 3127; x_wconf 88' lang='lat' dir='ltr'>nuperum</span> <span class='ocrx_word' id='word_1_335' title='bbox 1036 3061 1092 3114; x_wconf 89' lang='lat' dir='ltr'>est,</span> <span class='ocrx_word' id='word_1_336' title='bbox 1126 3053 1205 3109; x_wconf 88' lang='lat' dir='ltr'>cuius</span> <span class='ocrx_word' id='word_1_337' title='bbox 1234 3052 1322 3125; x_wconf 88' lang='lat' dir='ltr'>gratia</span> <span class='ocrx_word' id='word_1_338' title='bbox 1350 3052 1419 3108; x_wconf 88' lang='lat' dir='ltr'>banc</span> 
     </span>
     <span class='ocr_line' id='line_1_32' title="bbox 126 3136 1417 3211; baseline 0.001 -19"><span class='ocrx_word' id='word_1_339' title='bbox 126 3136 268 3210; x_wconf 88' lang='lat' dir='ltr'>epistolam</span> <span class='ocrx_word' id='word_1_340' title='bbox 292 3138 463 3211; x_wconf 91' lang='lat' dir='ltr'>potissimum</span> <span class='ocrx_word' id='word_1_341' title='bbox 487 3137 605 3195; x_wconf 91' lang='lat' dir='ltr'>scribere</span> <span class='ocrx_word' id='word_1_342' title='bbox 628 3138 775 3211; x_wconf 90' lang='lat' dir='ltr'>adgressus</span> <span class='ocrx_word' id='word_1_343' title='bbox 797 3156 871 3200; x_wconf 89' lang='lat' dir='ltr'>surn,</span> <span class='ocrx_word' id='word_1_344' title='bbox 908 3147 1012 3195; x_wconf 88' lang='lat' dir='ltr'>tantum</span> <span class='ocrx_word' id='word_1_345' title='bbox 1041 3137 1205 3199; x_wconf 87' lang='lat' dir='ltr'>recensebo,</span> <span class='ocrx_word' id='word_1_346' title='bbox 1233 3146 1264 3193; x_wconf 91' lang='lat' dir='ltr'>ut</span> <span class='ocrx_word' id='word_1_347' title='bbox 1292 3137 1417 3210; x_wconf 90' lang='lat' dir='ltr'>quisque,</span> 
     </span>
     <span class='ocr_line' id='line_1_33' title="bbox 125 3221 1418 3297; baseline 0.001 -19"><span class='ocrx_word' id='word_1_348' title='bbox 125 3222 170 3278; x_wconf 92' lang='lat' dir='ltr'>cui</span> <span class='ocrx_word' id='word_1_349' title='bbox 191 3222 333 3279; x_wconf 89' lang='lat' dir='ltr'>cerebrum</span> <span class='ocrx_word' id='word_1_350' title='bbox 357 3224 443 3286; x_wconf 87' lang='lat' dir='ltr'>inest,</span> <span class='ocrx_word' id='word_1_351' title='bbox 474 3223 547 3280; x_wconf 92' lang='lat' dir='ltr'>clare</span> <span class='ocrx_word' id='word_1_352' title='bbox 571 3226 708 3279; x_wconf 90' lang='lat' dir='ltr'>intueatur</span> <span class='ocrx_word' id='word_1_353' title='bbox 731 3241 810 3297; x_wconf 90' lang='lat' dir='ltr'>qnam</span> <span class='ocrx_word' id='word_1_354' title='bbox 834 3223 979 3296; x_wconf 91' lang='lat' dir='ltr'>impiorum</span> <span class='ocrx_word' id='word_1_355' title='bbox 1003 3224 1055 3280; x_wconf 91' lang='lat' dir='ltr'>boc</span> <span class='ocrx_word' id='word_1_356' title='bbox 1077 3239 1166 3297; x_wconf 88' lang='lat' dir='ltr'>genus</span> <span class='ocrx_word' id='word_1_357' title='bbox 1188 3222 1321 3279; x_wconf 90' lang='lat' dir='ltr'>obeundis</span> <span class='ocrx_word' id='word_1_358' title='bbox 1343 3221 1418 3279; x_wconf 88' lang='lat' dir='ltr'>labo·</span> 
     </span>
    </p>

    <p class='ocr_par' dir='ltr' id='par_1_4' title="bbox 126 3306 1474 3382">
     <span class='ocr_line' id='line_1_34' title="bbox 126 3306 1474 3382; baseline -0.001 -22"><span class='ocrx_word' id='word_1_359' title='bbox 126 3306 215 3369; x_wconf 90' lang='lat' dir='ltr'>ribus,</span> <span class='ocrx_word' id='word_1_360' title='bbox 241 3307 340 3381; x_wconf 90' lang='lat' dir='ltr'>quibus</span> <span class='ocrx_word' id='word_1_361' title='bbox 363 3308 521 3367; x_wconf 72' lang='lat' dir='ltr'>Christianae</span> <span class='ocrx_word' id='word_1_362' title='bbox 543 3309 701 3382; x_wconf 82' lang='lat' dir='ltr'>synceritati</span> <span class='ocrx_word' id='word_1_363' title='bbox 725 3310 858 3382; x_wconf 88' lang='lat' dir='ltr'>imponat,</span> <span class='ocrx_word' id='word_1_364' title='bbox 882 3309 1109 3381; x_wconf 88' lang='lat' dir='ltr'>patientissimum</span> <span class='ocrx_word' id='word_1_365' title='bbox 1134 3309 1179 3364; x_wconf 88' lang='lat' dir='ltr'>sit.</span> <span class='ocrx_word' id='word_1_366' title='bbox 1202 3307 1474 3371; x_wconf 60' lang='lat' dir='ltr'>nicomedianae,</span> 
     </span>
    </p>
   </div>
   <div class='ocr_carea' id='block_1_3' title="bbox 91 3489 1419 4408">
    <p class='ocr_par' dir='ltr' id='par_1_5' title="bbox 91 3489 1419 4408">
     <span class='ocr_line' id='line_1_35' title="bbox 125 3489 1418 3558; baseline 0.001 -19"><span class='ocrx_word' id='word_1_367' title='bbox 125 3489 223 3552; x_wconf 82' lang='lat' dir='ltr'>Bullia,</span> <span class='ocrx_word' id='word_1_368' title='bbox 242 3491 386 3556; x_wconf 84' lang='lat' dir='ltr'>Principes</span> <span class='ocrx_word' id='word_1_369' title='bbox 405 3493 478 3542; x_wconf 90' lang='lat' dir='ltr'>viros</span> <span class='ocrx_word' id='word_1_370' title='bbox 496 3492 524 3541; x_wconf 90' lang='lat' dir='ltr'>in</span> <span class='ocrx_word' id='word_1_371' title='bbox 543 3493 682 3558; x_wconf 84' lang='lat' dir='ltr'>captivam</span> <span class='ocrx_word' id='word_1_372' title='bbox 701 3506 776 3557; x_wconf 88' lang='lat' dir='ltr'>spem</span> <span class='ocrx_word' id='word_1_373' title='bbox 795 3491 896 3556; x_wconf 82' lang='lat' dir='ltr'>praedoe</span> <span class='ocrx_word' id='word_1_374' title='bbox 913 3518 947 3528; x_wconf 90' lang='lat'>-·</span> <span class='ocrx_word' id='word_1_375' title='bbox 964 3517 997 3527; x_wconf 91' lang='lat'>—</span> <span class='ocrx_word' id='word_1_376' title='bbox 1017 3491 1051 3543; x_wconf 84' lang='lat' dir='ltr'>ab</span> <span class='ocrx_word' id='word_1_377' title='bbox 1063 3492 1187 3542; x_wconf 85' lang='lat' dir='ltr'>Romano</span> <span class='ocrx_word' id='word_1_378' title='bbox 1205 3492 1357 3542; x_wconf 89' lang='lat' dir='ltr'>iniunctum</span> <span class='ocrx_word' id='word_1_379' title='bbox 1376 3491 1418 3557; x_wconf 87' lang='lat' dir='ltr'>gi·</span> 
     </span>
     <span class='ocr_line' id='line_1_36' title="bbox 91 3575 1418 3641; baseline 0.001 -17"><span class='ocrx_word' id='word_1_380' title='bbox 91 3580 226 3640; x_wconf 79' lang='lat' dir='ltr'>uagante,</span> <span class='ocrx_word' id='word_1_381' title='bbox 244 3580 275 3625; x_wconf 88' lang='lat' dir='ltr'>nt</span> <span class='ocrx_word' id='word_1_382' title='bbox 293 3576 461 3626; x_wconf 87' lang='lat' dir='ltr'>commodius</span> <span class='ocrx_word' id='word_1_383' title='bbox 480 3584 644 3641; x_wconf 84' lang='lat' dir='ltr'>exequatur,</span> <span class='ocrx_word' id='word_1_384' title='bbox 662 3601 697 3612; x_wconf 85' lang='lat'><em>-</em></span> <span class='ocrx_word' id='word_1_385' title='bbox 715 3605 746 3613; x_wconf 88' lang='lat'><em>-</em></span> <span class='ocrx_word' id='word_1_386' title='bbox 765 3577 916 3638; x_wconf 86' lang='lat' dir='ltr'>fraudibus,</span> <span class='ocrx_word' id='word_1_387' title='bbox 936 3577 1090 3628; x_wconf 78' lang='lat' dir='ltr'>mendaciis</span> <span class='ocrx_word' id='word_1_388' title='bbox 1109 3576 1232 3627; x_wconf 85' lang='lat' dir='ltr'>abstinet</span> <span class='ocrx_word' id='word_1_389' title='bbox 1249 3575 1341 3627; x_wconf 86' lang='lat' dir='ltr'>nullis.</span> <span class='ocrx_word' id='word_1_390' title='bbox 1371 3575 1418 3626; x_wconf 81' lang='lat' dir='ltr'>ui-</span> 
     </span>
     <span class='ocr_line' id='line_1_37' title="bbox 124 3659 1419 3727; baseline 0.002 -18"><span class='ocrx_word' id='word_1_391' title='bbox 124 3660 207 3709; x_wconf 87' lang='lat' dir='ltr'>mium</span> <span class='ocrx_word' id='word_1_392' title='bbox 224 3659 277 3711; x_wconf 89' lang='lat' dir='ltr'>hoe</span> <span class='ocrx_word' id='word_1_393' title='bbox 296 3667 444 3712; x_wconf 87' lang='lat' dir='ltr'>monstrum</span> <span class='ocrx_word' id='word_1_394' title='bbox 464 3662 499 3711; x_wconf 85' lang='lat' dir='ltr'>cd</span> <span class='ocrx_word' id='word_1_395' title='bbox 517 3661 669 3712; x_wconf 79' lang='lat' dir='ltr'>fallendum</span> <span class='ocrx_word' id='word_1_396' title='bbox 687 3661 855 3727; x_wconf 88' lang='lat' dir='ltr'>simplicium</span> <span class='ocrx_word' id='word_1_397' title='bbox 874 3663 980 3713; x_wconf 79' lang='lat' dir='ltr'>animos</span> <span class='ocrx_word' id='word_1_398' title='bbox 998 3662 1120 3713; x_wconf 82' lang='lat' dir='ltr'>vafritiia</span> <span class='ocrx_word' id='word_1_399' title='bbox 1139 3661 1240 3712; x_wconf 80' lang='lat' dir='ltr'>audax.</span> <span class='ocrx_word' id='word_1_400' title='bbox 1259 3660 1419 3711; x_wconf 82' lang='lat' dir='ltr'>——meli-</span> 
     </span>
     <span class='ocr_line' id='line_1_38' title="bbox 126 3745 1416 3813; baseline 0.001 -19"><span class='ocrx_word' id='word_1_401' title='bbox 126 3745 190 3795; x_wconf 83' lang='lat' dir='ltr'>cic?</span> <span class='ocrx_word' id='word_1_402' title='bbox 208 3745 263 3807; x_wconf 85' lang='lat' dir='ltr'>Qui</span> <span class='ocrx_word' id='word_1_403' title='bbox 281 3746 329 3795; x_wconf 92' lang='lat' dir='ltr'>nbi</span> <span class='ocrx_word' id='word_1_404' title='bbox 342 3762 406 3813; x_wconf 88' lang='lat' dir='ltr'>spes</span> <span class='ocrx_word' id='word_1_405' title='bbox 425 3747 566 3797; x_wconf 82' lang='lat' dir='ltr'>refulserit</span> <span class='ocrx_word' id='word_1_406' title='bbox 588 3748 675 3808; x_wconf 88' lang='lat' dir='ltr'>numi,</span> <span class='ocrx_word' id='word_1_407' title='bbox 697 3762 811 3812; x_wconf 82' lang='lat' dir='ltr'>qumque</span> <span class='ocrx_word' id='word_1_408' title='bbox 831 3748 913 3798; x_wconf 86' lang='lat' dir='ltr'>etium</span> <span class='ocrx_word' id='word_1_409' title='bbox 927 3747 1074 3812; x_wconf 78' lang='lat' dir='ltr'>nephanda</span> <span class='ocrx_word' id='word_1_410' title='bbox 1085 3753 1197 3812; x_wconf 84' lang='lat' dir='ltr'>patrare</span> <span class='ocrx_word' id='word_1_411' title='bbox 1210 3762 1264 3797; x_wconf 93' lang='lat' dir='ltr'>non</span> <span class='ocrx_word' id='word_1_412' title='bbox 1278 3750 1416 3797; x_wconf 87' lang='lat' dir='ltr'>recusant.</span> 
     </span>
     <span class='ocr_line' id='line_1_39' title="bbox 125 3830 1418 3898; baseline 0.002 -18"><span class='ocrx_word' id='word_1_413' title='bbox 125 3830 213 3881; x_wconf 90' lang='lat' dir='ltr'>Probe</span> <span class='ocrx_word' id='word_1_414' title='bbox 232 3846 334 3881; x_wconf 90' lang='lat' dir='ltr'>morum</span> <span class='ocrx_word' id='word_1_415' title='bbox 354 3833 476 3882; x_wconf 88' lang='lat' dir='ltr'>mimesis</span> <span class='ocrx_word' id='word_1_416' title='bbox 494 3832 566 3882; x_wconf 91' lang='lat' dir='ltr'>hunc</span> <span class='ocrx_word' id='word_1_417' title='bbox 585 3831 636 3882; x_wconf 87' lang='lat' dir='ltr'>tali</span> <span class='ocrx_word' id='word_1_418' title='bbox 654 3832 762 3883; x_wconf 86' lang='lat' dir='ltr'>ductori</span> <span class='ocrx_word' id='word_1_419' title='bbox 781 3849 907 3898; x_wconf 83' lang='lat' dir='ltr'>gregem,</span> <span class='ocrx_word' id='word_1_420' title='bbox 933 3839 961 3883; x_wconf 88' lang='lat' dir='ltr'>et</span> <span class='ocrx_word' id='word_1_421' title='bbox 984 3833 1063 3897; x_wconf 88' lang='lat' dir='ltr'>gregi</span> <span class='ocrx_word' id='word_1_422' title='bbox 1086 3830 1169 3882; x_wconf 85' lang='lat' dir='ltr'>telem</span> <span class='ocrx_word' id='word_1_423' title='bbox 1192 3831 1300 3882; x_wconf 84' lang='lat' dir='ltr'>invenit</span> <span class='ocrx_word' id='word_1_424' title='bbox 1323 3831 1418 3882; x_wconf 89' lang='lat' dir='ltr'>ducto-</span> 
     </span>
     <span class='ocr_line' id='line_1_40' title="bbox 125 3914 1417 3982; baseline 0.002 -19"><span class='ocrx_word' id='word_1_425' title='bbox 125 3929 192 3964; x_wconf 89' lang='lat' dir='ltr'>rem.</span> <span class='ocrx_word' id='word_1_426' title='bbox 222 3914 330 3981; x_wconf 85' lang='lat' dir='ltr'>Dignus</span> <span class='ocrx_word' id='word_1_427' title='bbox 349 3942 380 3951; x_wconf 96' lang='lat'>—</span> <span class='ocrx_word' id='word_1_428' title='bbox 399 3943 430 3951; x_wconf 91' lang='lat'><em>-</em></span> <span class='ocrx_word' id='word_1_429' title='bbox 450 3916 584 3967; x_wconf 85' lang='lat' dir='ltr'>defendat</span> <span class='ocrx_word' id='word_1_430' title='bbox 608 3923 636 3968; x_wconf 91' lang='lat' dir='ltr'>ct</span> <span class='ocrx_word' id='word_1_431' title='bbox 659 3917 780 3967; x_wconf 87' lang='lat' dir='ltr'>adiuvet.</span> <span class='ocrx_word' id='word_1_432' title='bbox 812 3919 931 3980; x_wconf 85' lang='lat' dir='ltr'>Quorum</span> <span class='ocrx_word' id='word_1_433' title='bbox 949 3944 983 3954; x_wconf 92' lang='lat'><em>-</em></span> <span class='ocrx_word' id='word_1_434' title='bbox 1000 3943 1033 3952; x_wconf 91' lang='lat'>-</span> <span class='ocrx_word' id='word_1_435' title='bbox 1056 3932 1111 3967; x_wconf 91' lang='lat' dir='ltr'>non</span> <span class='ocrx_word' id='word_1_436' title='bbox 1134 3914 1265 3980; x_wconf 83' lang='lat' dir='ltr'>violavit,</span> <span class='ocrx_word' id='word_1_437' title='bbox 1289 3916 1417 3982; x_wconf 85' lang='lat' dir='ltr'>prodidit,</span> 
     </span>
     <span class='ocr_line' id='line_1_41' title="bbox 91 3998 1416 4068; baseline 0.002 -20"><span class='ocrx_word' id='word_1_438' title='bbox 91 3998 238 4050; x_wconf 79' lang='lat' dir='ltr'>fuderovit</span> <span class='ocrx_word' id='word_1_439' title='bbox 256 4005 285 4050; x_wconf 89' lang='lat' dir='ltr'>et</span> <span class='ocrx_word' id='word_1_440' title='bbox 302 4002 451 4050; x_wconf 84' lang='lat' dir='ltr'>interemit.</span> <span class='ocrx_word' id='word_1_441' title='bbox 482 4002 558 4064; x_wconf 72' lang='lat' dir='ltr'>Quas</span> <span class='ocrx_word' id='word_1_442' title='bbox 576 4002 749 4067; x_wconf 80' lang='lat' dir='ltr'>respublicas</span> <span class='ocrx_word' id='word_1_443' title='bbox 767 4018 822 4052; x_wconf 91' lang='lat' dir='ltr'>non</span> <span class='ocrx_word' id='word_1_444' title='bbox 840 4003 979 4067; x_wconf 80' lang='lat' dir='ltr'>cernspit?</span> <span class='ocrx_word' id='word_1_445' title='bbox 1004 4004 1078 4065; x_wconf 86' lang='lat' dir='ltr'>Quos</span> <span class='ocrx_word' id='word_1_446' title='bbox 1096 4002 1242 4068; x_wconf 88' lang='lat' dir='ltr'>Principes</span> <span class='ocrx_word' id='word_1_447' title='bbox 1259 4017 1314 4053; x_wconf 92' lang='lat' dir='ltr'>non</span> <span class='ocrx_word' id='word_1_448' title='bbox 1332 4000 1416 4051; x_wconf 86' lang='lat' dir='ltr'>male-</span> 
     </span>
     <span class='ocr_line' id='line_1_42' title="bbox 125 4084 1418 4138; baseline 0.002 -5"><span class='ocrx_word' id='word_1_449' title='bbox 125 4086 277 4134; x_wconf 82' lang='lat' dir='ltr'>tractavit?</span> <span class='ocrx_word' id='word_1_450' title='bbox 301 4084 386 4136; x_wconf 86' lang='lat' dir='ltr'>Cuius</span> <span class='ocrx_word' id='word_1_451' title='bbox 411 4086 545 4136; x_wconf 87' lang='lat' dir='ltr'>familiam</span> <span class='ocrx_word' id='word_1_452' title='bbox 570 4092 617 4137; x_wconf 90' lang='lat' dir='ltr'>ant</span> <span class='ocrx_word' id='word_1_453' title='bbox 639 4102 693 4138; x_wconf 92' lang='lat' dir='ltr'>non</span> <span class='ocrx_word' id='word_1_454' title='bbox 711 4087 812 4138; x_wconf 90' lang='lat' dir='ltr'>infecit</span> <span class='ocrx_word' id='word_1_455' title='bbox 830 4092 878 4138; x_wconf 84' lang='lat' dir='ltr'>aut</span> <span class='ocrx_word' id='word_1_456' title='bbox 895 4087 1076 4138; x_wconf 83' lang='lat' dir='ltr'>sollicitavit?</span> <span class='ocrx_word' id='word_1_457' title='bbox 1098 4087 1159 4137; x_wconf 85' lang='lat' dir='ltr'>Non</span> <span class='ocrx_word' id='word_1_458' title='bbox 1177 4088 1226 4138; x_wconf 80' lang='lat' dir='ltr'>no.</span> <span class='ocrx_word' id='word_1_459' title='bbox 1241 4086 1316 4138; x_wconf 83' lang='lat' dir='ltr'>sedis</span> <span class='ocrx_word' id='word_1_460' title='bbox 1334 4112 1367 4120; x_wconf 90' lang='lat'>-</span> <span class='ocrx_word' id='word_1_461' title='bbox 1384 4112 1418 4122; x_wconf 89' lang='lat'>-</span> 
     </span>
     <span class='ocr_line' id='line_1_43' title="bbox 125 4169 1417 4238; baseline 0.002 -20"><span class='ocrx_word' id='word_1_462' title='bbox 125 4169 333 4233; x_wconf 88' lang='lat' dir='ltr'>quodomnium</span> <span class='ocrx_word' id='word_1_463' title='bbox 352 4197 384 4206; x_wconf 94' lang='lat'>-</span> <span class='ocrx_word' id='word_1_464' title='bbox 403 4198 434 4208; x_wconf 85' lang='lat'><em>-</em></span> <span class='ocrx_word' id='word_1_465' title='bbox 454 4172 515 4221; x_wconf 83' lang='lat' dir='ltr'>ausi</span> <span class='ocrx_word' id='word_1_466' title='bbox 533 4177 604 4223; x_wconf 82' lang='lat' dir='ltr'>sunt</span> <span class='ocrx_word' id='word_1_467' title='bbox 634 4171 769 4223; x_wconf 88' lang='lat' dir='ltr'>Ultricem</span> <span class='ocrx_word' id='word_1_468' title='bbox 793 4173 865 4238; x_wconf 81' lang='lat' dir='ltr'>apud</span> <span class='ocrx_word' id='word_1_469' title='bbox 884 4174 1038 4223; x_wconf 85' lang='lat' dir='ltr'>Beruenses</span> <span class='ocrx_word' id='word_1_470' title='bbox 1056 4173 1206 4230; x_wconf 85' lang='lat' dir='ltr'>flammam,</span> <span class='ocrx_word' id='word_1_471' title='bbox 1228 4172 1417 4222; x_wconf 84' lang='lat' dir='ltr'>Florentinum</span> 
     </span>
     <span class='ocr_line' id='line_1_44' title="bbox 126 4254 1417 4323; baseline 0.002 -21"><span class='ocrx_word' id='word_1_472' title='bbox 126 4254 250 4316; x_wconf 83' lang='lat' dir='ltr'>facinus,</span> <span class='ocrx_word' id='word_1_473' title='bbox 277 4261 305 4305; x_wconf 91' lang='lat' dir='ltr'>et</span> <span class='ocrx_word' id='word_1_474' title='bbox 328 4256 404 4307; x_wconf 91' lang='lat' dir='ltr'>mille</span> <span class='ocrx_word' id='word_1_475' title='bbox 428 4257 487 4307; x_wconf 82' lang='lat' dir='ltr'>alie</span> <span class='ocrx_word' id='word_1_476' title='bbox 506 4259 565 4308; x_wconf 88' lang='lat' dir='ltr'>eius</span> <span class='ocrx_word' id='word_1_477' title='bbox 583 4259 706 4323; x_wconf 84' lang='lat' dir='ltr'>portenti</span> <span class='ocrx_word' id='word_1_478' title='bbox 724 4258 834 4322; x_wconf 83' lang='lat' dir='ltr'>flagitia</span> <span class='ocrx_word' id='word_1_479' title='bbox 851 4256 942 4308; x_wconf 90' lang='lat' dir='ltr'>libens</span> <span class='ocrx_word' id='word_1_480' title='bbox 960 4263 1085 4320; x_wconf 86' lang='lat' dir='ltr'>taceam,</span> <span class='ocrx_word' id='word_1_481' title='bbox 1111 4273 1172 4323; x_wconf 83' lang='lat' dir='ltr'>quae</span> <span class='ocrx_word' id='word_1_482' title='bbox 1192 4257 1337 4307; x_wconf 87' lang='lat' dir='ltr'>memorari</span> <span class='ocrx_word' id='word_1_483' title='bbox 1357 4271 1417 4305; x_wconf 89' lang='lat' dir='ltr'>cum</span> 
     </span>
     <span class='ocr_line' id='line_1_45' title="bbox 126 4338 1418 4408; baseline 0.003 -22"><span class='ocrx_word' id='word_1_484' title='bbox 126 4338 256 4388; x_wconf 89' lang='lat' dir='ltr'>abhorret</span> <span class='ocrx_word' id='word_1_485' title='bbox 274 4341 396 4404; x_wconf 85' lang='lat' dir='ltr'>animus,</span> <span class='ocrx_word' id='word_1_486' title='bbox 415 4346 470 4391; x_wconf 89' lang='lat' dir='ltr'>tum</span> <span class='ocrx_word' id='word_1_487' title='bbox 491 4340 616 4407; x_wconf 65' lang='lat' dir='ltr'>epistola</span> <span class='ocrx_word' id='word_1_488' title='bbox 635 4342 763 4407; x_wconf 90' lang='lat' dir='ltr'>probibet</span> <span class='ocrx_word' id='word_1_489' title='bbox 781 4342 913 4392; x_wconf 82' lang='lat' dir='ltr'>brevitas.</span> <span class='ocrx_word' id='word_1_490' title='bbox 943 4343 1033 4394; x_wconf 87' lang='lat' dir='ltr'>Unum</span> <span class='ocrx_word' id='word_1_491' title='bbox 1052 4342 1103 4392; x_wconf 88' lang='lat' dir='ltr'>boc.</span> <span class='ocrx_word' id='word_1_492' title='bbox 1122 4342 1193 4408; x_wconf 90' lang='lat' dir='ltr'>qnod</span> <span class='ocrx_word' id='word_1_493' title='bbox 1212 4357 1310 4392; x_wconf 84' lang='lat' dir='ltr'>recens</span> <span class='ocrx_word' id='word_1_494' title='bbox 1329 4341 1418 4391; x_wconf 88' lang='lat' dir='ltr'>adhuc</span> 
     </span>
    </p>
   </div>
   <div class='ocr_carea' id='block_1_4' title="bbox 39 4511 1418 4820">
    <p class='ocr_par' dir='ltr' id='par_1_6' title="bbox 39 4511 1418 4820">
     <span class='ocr_line' id='line_1_46' title="bbox 192 4511 1417 4579; baseline 0.001 -19"><span class='ocrx_word' id='word_1_495' title='bbox 192 4511 300 4561; x_wconf 68' lang='lat' dir='ltr'>tandit</span> <span class='ocrx_word' id='word_1_496' title='bbox 319 4516 341 4564; x_wconf 88' lang='lat' dir='ltr'>f.</span> <span class='ocrx_word' id='word_1_497' title='bbox 407 4512 428 4545; x_wconf 89' lang='lat'>¹⁰</span> <span class='ocrx_word' id='word_1_498' title='bbox 445 4514 601 4579; x_wconf 88' lang='lat' dir='ltr'>presciscor</span> <span class='ocrx_word' id='word_1_499' title='bbox 619 4517 642 4563; x_wconf 83' lang='lat'>1.</span> <span class='ocrx_word' id='word_1_500' title='bbox 659 4514 745 4579; x_wconf 67' lang='lat' dir='ltr'>aqui</span> <span class='ocrx_word' id='word_1_501' title='bbox 764 4517 848 4563; x_wconf 80' lang='lat' dir='ltr'>omf.</span> <span class='ocrx_word' id='word_1_502' title='bbox 914 4513 935 4546; x_wconf 80' lang='lat'>¹⁷</span> <span class='ocrx_word' id='word_1_503' title='bbox 953 4513 1125 4566; x_wconf 70' lang='lat' dir='ltr'>solicitaviti</span> <span class='ocrx_word' id='word_1_504' title='bbox 1145 4519 1172 4564; x_wconf 83' lang='lat' dir='ltr'>G.</span> <span class='ocrx_word' id='word_1_505' title='bbox 1246 4511 1265 4544; x_wconf 76' lang='lat'>¹⁸</span> <span class='ocrx_word' id='word_1_506' title='bbox 1284 4511 1369 4564; x_wconf 83' lang='lat' dir='ltr'>Clam.</span> <span class='ocrx_word' id='word_1_507' title='bbox 1384 4512 1417 4561; x_wconf 91' lang='lat' dir='ltr'>V.</span> 
     </span>
     <span class='ocr_line' id='line_1_47' title="bbox 124 4594 1418 4663; baseline 0.002 -20"><span class='ocrx_word' id='word_1_508' title='bbox 124 4594 201 4646; x_wconf 81' lang='lat' dir='ltr'>bulla</span> <span class='ocrx_word' id='word_1_509' title='bbox 219 4598 328 4648; x_wconf 76' lang='lat' dir='ltr'>Faciem</span> <span class='ocrx_word' id='word_1_510' title='bbox 345 4598 592 4649; x_wconf 66' lang='lat' dir='ltr'>misericordiane.</span> <span class='ocrx_word' id='word_1_511' title='bbox 608 4598 730 4663; x_wconf 72' lang='lat' dir='ltr'>lueug.</span> <span class='ocrx_word' id='word_1_512' title='bbox 746 4616 771 4649; x_wconf 85' lang='lat' dir='ltr'>a.</span> <span class='ocrx_word' id='word_1_513' title='bbox 787 4596 981 4660; x_wconf 68' lang='lat' dir='ltr'>lacumiano</span> <span class='ocrx_word' id='word_1_514' title='bbox 999 4598 1172 4662; x_wconf 77' lang='lat' dir='ltr'>XXV.424.)</span> <span class='ocrx_word' id='word_1_515' title='bbox 1236 4594 1257 4628; x_wconf 77' lang='lat'>²⁸</span> <span class='ocrx_word' id='word_1_516' title='bbox 1281 4597 1418 4647; x_wconf 87' lang='lat' dir='ltr'>Henricns</span> 
     </span>
     <span class='ocr_line' id='line_1_48' title="bbox 124 4679 1418 4748; baseline 0.003 -20"><span class='ocrx_word' id='word_1_517' title='bbox 124 4679 183 4729; x_wconf 91' lang='lat' dir='ltr'>Vll.</span> <span class='ocrx_word' id='word_1_518' title='bbox 199 4697 224 4731; x_wconf 85' lang='lat' dir='ltr'>a.</span> <span class='ocrx_word' id='word_1_519' title='bbox 240 4681 313 4733; x_wconf 84' lang='lat'>1313.</span> <span class='ocrx_word' id='word_1_520' title='bbox 366 4681 389 4713; x_wconf 72' lang='lat'>²²</span> <span class='ocrx_word' id='word_1_521' title='bbox 407 4683 543 4744; x_wconf 80' lang='lat' dir='ltr'>Quattuor</span> <span class='ocrx_word' id='word_1_522' title='bbox 560 4683 755 4733; x_wconf 80' lang='lat' dir='ltr'>haeresiarchae</span> <span class='ocrx_word' id='word_1_523' title='bbox 773 4683 830 4734; x_wconf 92' lang='lat' dir='ltr'>ord.</span> <span class='ocrx_word' id='word_1_524' title='bbox 843 4683 1056 4748; x_wconf 79' lang='lat' dir='ltr'>praediceternm</span> <span class='ocrx_word' id='word_1_525' title='bbox 1075 4684 1109 4734; x_wconf 90' lang='lat' dir='ltr'>de</span> <span class='ocrx_word' id='word_1_526' title='bbox 1128 4683 1307 4734; x_wconf 86' lang='lat' dir='ltr'>observantia</span> <span class='ocrx_word' id='word_1_527' title='bbox 1319 4683 1418 4733; x_wconf 75' lang='lat' dir='ltr'>lterum</span> 
     </span>
     <span class='ocr_line' id='line_1_49' title="bbox 39 4764 1230 4820; baseline 0.007 -8"><span class='ocrx_word' id='word_1_528' title='bbox 39 4776 40 4780; x_wconf 51' lang='lat'>¹</span> <span class='ocrx_word' id='word_1_529' title='bbox 124 4766 261 4816; x_wconf 89' lang='lat' dir='ltr'>combusti</span> <span class='ocrx_word' id='word_1_530' title='bbox 280 4781 307 4815; x_wconf 77' lang='lat' dir='ltr'>a.</span> <span class='ocrx_word' id='word_1_531' title='bbox 323 4764 396 4816; x_wconf 81' lang='lat'>1509.</span> <span class='ocrx_word' id='word_1_532' title='bbox 449 4764 471 4799; x_wconf 76' lang='lat'>²⁸</span> <span class='ocrx_word' id='word_1_533' title='bbox 489 4768 564 4818; x_wconf 87' lang='lat' dir='ltr'>Hier.</span> <span class='ocrx_word' id='word_1_534' title='bbox 579 4767 751 4819; x_wconf 83' lang='lat' dir='ltr'>Sarenerola</span> <span class='ocrx_word' id='word_1_535' title='bbox 769 4768 916 4818; x_wconf 76' lang='lat' dir='ltr'>Florentiae</span> <span class='ocrx_word' id='word_1_536' title='bbox 935 4767 1230 4820; x_wconf 79' lang='lat' dir='ltr'>a.1498.combustna.</span> 
     </span>
    </p>
   </div>
   <div class='ocr_carea' id='block_1_5' title="bbox 0 0 1652 5408">
    <p class='ocr_par' dir='ltr' id='par_1_7' title="bbox 0 0 1652 5408">
     <span class='ocr_line' id='line_1_50' title="bbox 0 0 1652 5408; baseline 0 0"><span class='ocrx_word' id='word_1_537' title='bbox 0 0 1652 5408; x_wconf 95' lang='lat' dir='ltr'> </span> 
     </span>
    </p>
   </div>
  </div>
 </body>
</html>
