<?xml version="1.0" encoding="UTF-8"?>
<!DOCTYPE html PUBLIC "-//W3C//DTD XHTML 1.0 Transitional//EN"
    "http://www.w3.org/TR/xhtml1/DTD/xhtml1-transitional.dtd">
<html xmlns="http://www.w3.org/1999/xhtml" xml:lang="en" lang="en">
 <head>
  <title>
</title>
<meta http-equiv="Content-Type" content="text/html;charset=utf-8" />
  <meta name='ocr-system' content='tesseract 3.04.00' />
  <meta name='ocr-capabilities' content='ocr_page ocr_carea ocr_par ocr_line ocrx_word'/>
</head>
<body>
  <div class='ocr_page' id='page_1' title='image "./ulrichihuttenie04huttgoog_0141.png"; bbox 0 0 3294 5408; ppageno 0'>
   <div class='ocr_carea' id='block_1_1' title="bbox 161 347 1112 420">
    <p class='ocr_par' dir='ltr' id='par_1_1' title="bbox 161 347 1112 420">
     <span class='ocr_line' id='line_1_1' title="bbox 161 347 1112 420; baseline -0.002 -11"><span class='ocrx_word' id='word_1_1' title='bbox 161 347 233 420; x_wconf 79' lang='grc'><strong>104</strong></span> <span class='ocrx_word' id='word_1_2' title='bbox 496 372 620 409; x_wconf 81' lang='lat' dir='ltr'><strong>nvrrcru</strong></span> <span class='ocrx_word' id='word_1_3' title='bbox 634 373 669 408; x_wconf 80' lang='lat' dir='ltr'><strong>un</strong></span> <span class='ocrx_word' id='word_1_4' title='bbox 682 372 754 408; x_wconf 77' lang='lat' dir='ltr'><strong>anan</strong></span> <span class='ocrx_word' id='word_1_5' title='bbox 767 370 1006 409; x_wconf 72' lang='lat' dir='ltr'><strong>vrnsrrrceromr</strong></span> <span class='ocrx_word' id='word_1_6' title='bbox 1017 372 1112 407; x_wconf 80' lang='lat' dir='ltr'><strong>nrnrn.</strong></span> 
     </span>
    </p>
   </div>
   <div class='ocr_carea' id='block_1_2' title="bbox 229 525 1460 3864">
    <p class='ocr_par' dir='ltr' id='par_1_2' title="bbox 332 525 1460 610">
     <span class='ocr_line' id='line_1_2' title="bbox 332 525 1460 610; baseline -0.003 -17"><span class='ocrx_word' id='word_1_7' title='bbox 332 533 358 593; x_wconf 86' lang='lat' dir='ltr'><strong>n</strong></span> <span class='ocrx_word' id='word_1_8' title='bbox 379 529 543 591; x_wconf 80' lang='lat' dir='ltr'>Dicendum</span> <span class='ocrx_word' id='word_1_9' title='bbox 566 536 595 589; x_wconf 91' lang='lat' dir='ltr'><strong>ct</strong></span> <span class='ocrx_word' id='word_1_10' title='bbox 617 530 667 607; x_wconf 88' lang='lat' dir='ltr'><strong>qui</strong></span> <span class='ocrx_word' id='word_1_11' title='bbox 688 528 748 588; x_wconf 88' lang='lat' dir='ltr'><strong>sint</strong></span> <span class='ocrx_word' id='word_1_12' title='bbox 769 527 902 589; x_wconf 84' lang='lat' dir='ltr'><strong>ornando</strong></span> <span class='ocrx_word' id='word_1_13' title='bbox 923 529 954 588; x_wconf 91' lang='lat' dir='ltr'><strong>in</strong></span> <span class='ocrx_word' id='word_1_14' title='bbox 977 529 1108 589; x_wconf 90' lang='lat' dir='ltr'><strong>carmine</strong></span> <span class='ocrx_word' id='word_1_15' title='bbox 1129 527 1236 598; x_wconf 82' lang='lat' dir='ltr'><strong>tiores.</strong></span> <span class='ocrx_word' id='word_1_16' title='bbox 1327 525 1460 610; x_wconf 55' lang='lat' dir='ltr'><strong>issffi&#39;</strong></span> 
     </span>
    </p>

    <p class='ocr_par' dir='ltr' id='par_1_3' title="bbox 279 629 1457 1114">
     <span class='ocr_line' id='line_1_3' title="bbox 279 629 1228 711; baseline -0.003 -16"><span class='ocrx_word' id='word_1_17' title='bbox 279 654 317 696; x_wconf 77' lang='lat' dir='ltr'><strong>an</strong></span> <span class='ocrx_word' id='word_1_18' title='bbox 333 633 389 694; x_wconf 87' lang='lat' dir='ltr'><strong>Hic</strong></span> <span class='ocrx_word' id='word_1_19' title='bbox 411 649 509 711; x_wconf 74' lang='lat' dir='ltr'><strong>operae</strong></span> <span class='ocrx_word' id='word_1_20' title='bbox 532 639 576 690; x_wconf 87' lang='lat' dir='ltr'><strong>est</strong></span> <span class='ocrx_word' id='word_1_21' title='bbox 598 631 747 711; x_wconf 82' lang='lat' dir='ltr'>precium,</span> <span class='ocrx_word' id='word_1_22' title='bbox 770 630 873 709; x_wconf 82' lang='lat' dir='ltr'><strong>vigiles</strong></span> <span class='ocrx_word' id='word_1_23' title='bbox 894 629 953 690; x_wconf 91' lang='lat' dir='ltr'><strong>hnc</strong></span> <span class='ocrx_word' id='word_1_24' title='bbox 975 631 1077 692; x_wconf 81' lang='lat' dir='ltr'><strong>vertite</strong></span> <span class='ocrx_word' id='word_1_25' title='bbox 1100 637 1228 703; x_wconf 80' lang='lat' dir='ltr'><strong>mentes,</strong></span> 
     </span>
     <span class='ocr_line' id='line_1_4' title="bbox 333 730 1171 801; baseline -0.002 -6"><span class='ocrx_word' id='word_1_26' title='bbox 333 732 467 795; x_wconf 87' lang='lat' dir='ltr'><strong>Ostbcnii</strong></span> <span class='ocrx_word' id='word_1_27' title='bbox 488 734 623 801; x_wconf 86' lang='lat' dir='ltr'><strong>invenes,</strong></span> <span class='ocrx_word' id='word_1_28' title='bbox 647 749 704 794; x_wconf 91' lang='lat' dir='ltr'><strong>nec</strong></span> <span class='ocrx_word' id='word_1_29' title='bbox 726 750 778 792; x_wconf 86' lang='lat' dir='ltr'><strong>vos</strong></span> <span class='ocrx_word' id='word_1_30' title='bbox 800 730 885 792; x_wconf 87' lang='lat' dir='ltr'><strong>tabor</strong></span> <span class='ocrx_word' id='word_1_31' title='bbox 906 731 1058 793; x_wconf 89' lang='lat' dir='ltr'><strong>abstrahat</strong></span> <span class='ocrx_word' id='word_1_32' title='bbox 1079 730 1171 793; x_wconf 85' lang='lat' dir='ltr'><strong>nlius:</strong></span> 
     </span>
     <span class='ocr_line' id='line_1_5' title="bbox 333 832 1457 912; baseline -0.005 -14"><span class='ocrx_word' id='word_1_33' title='bbox 333 835 527 898; x_wconf 58' lang='lat' dir='ltr'><strong>{Continuo</strong></span> <span class='ocrx_word' id='word_1_34' title='bbox 549 832 646 895; x_wconf 85' lang='lat' dir='ltr'><strong>studio</strong></span> <span class='ocrx_word' id='word_1_35' title='bbox 669 835 808 912; x_wconf 87' lang='lat' dir='ltr'><strong>curisque</strong></span> <span class='ocrx_word' id='word_1_36' title='bbox 830 832 1009 905; x_wconf 84' lang='lat' dir='ltr'><strong>calentibus,</strong></span> <span class='ocrx_word' id='word_1_37' title='bbox 1033 836 1095 895; x_wconf 83' lang='lat' dir='ltr'><strong>acri</strong></span> <span class='ocrx_word' id='word_1_38' title='bbox 1286 874 1291 887; x_wconf 85' lang='lat'><em>.</em></span> <span class='ocrx_word' id='word_1_39' title='bbox 1332 832 1457 911; x_wconf 53' lang='lat' dir='ltr'><strong>mg*</strong></span> 
     </span>
     <span class='ocr_line' id='line_1_6' title="bbox 333 918 1217 1016; baseline -0.002 -17"><span class='ocrx_word' id='word_1_40' title='bbox 333 918 449 1016; x_wconf 82' lang='lat' dir='ltr'><strong>Optima</strong></span> <span class='ocrx_word' id='word_1_41' title='bbox 471 954 595 1015; x_wconf 75' lang='lat' dir='ltr'><strong>quaque</strong></span> <span class='ocrx_word' id='word_1_42' title='bbox 617 937 715 996; x_wconf 88' lang='lat' dir='ltr'><strong>animo</strong></span> <span class='ocrx_word' id='word_1_43' title='bbox 737 933 838 1013; x_wconf 81' lang='lat' dir='ltr'><strong>legere</strong></span> <span class='ocrx_word' id='word_1_44' title='bbox 859 942 909 996; x_wconf 88' lang='lat' dir='ltr'><strong>aut</strong></span> <span class='ocrx_word' id='word_1_45' title='bbox 931 934 1033 997; x_wconf 86' lang='lat' dir='ltr'><strong>audire</strong></span> <span class='ocrx_word' id='word_1_46' title='bbox 1054 952 1217 1016; x_wconf 84' lang='lat' dir='ltr'><strong>gravesque</strong></span> 
     </span>
     <span class='ocr_line' id='line_1_7' title="bbox 333 1036 1081 1114; baseline -0.005 -14"><span class='ocrx_word' id='word_1_47' title='bbox 333 1039 494 1100; x_wconf 86' lang='lat' dir='ltr'><strong>Edidicisse</strong></span> <span class='ocrx_word' id='word_1_48' title='bbox 516 1037 609 1098; x_wconf 89' lang='lat' dir='ltr'><strong>libros</strong></span> <span class='ocrx_word' id='word_1_49' title='bbox 630 1036 795 1114; x_wconf 85' lang='lat' dir='ltr'><strong>crebraque</strong></span> <span class='ocrx_word' id='word_1_50' title='bbox 818 1036 955 1114; x_wconf 79' lang='lat' dir='ltr'><strong>indagine</strong></span> <span class='ocrx_word' id='word_1_51' title='bbox 978 1037 1081 1097; x_wconf 85' lang='lat' dir='ltr'><strong>doctos</strong></span> 
     </span>
    </p>

    <p class='ocr_par' dir='ltr' id='par_1_4' title="bbox 280 1139 1455 1624">
     <span class='ocr_line' id='line_1_8' title="bbox 280 1139 1083 1220; baseline -0.007 -17"><span class='ocrx_word' id='word_1_52' title='bbox 280 1162 318 1203; x_wconf 76' lang='lat' dir='ltr'><strong>aso</strong></span> <span class='ocrx_word' id='word_1_53' title='bbox 333 1139 450 1220; x_wconf 83' lang='lat' dir='ltr'><strong>Eligere</strong></span> <span class='ocrx_word' id='word_1_54' title='bbox 472 1145 591 1200; x_wconf 84' lang='lat' dir='ltr'><strong>autores</strong></span> <span class='ocrx_word' id='word_1_55' title='bbox 613 1139 791 1199; x_wconf 80' lang='lat' dir='ltr'><strong>scribentem</strong></span> <span class='ocrx_word' id='word_1_56' title='bbox 814 1155 934 1199; x_wconf 89' lang='lat' dir='ltr'><strong>carmen</strong></span> <span class='ocrx_word' id='word_1_57' title='bbox 957 1145 1083 1216; x_wconf 88' lang='lat' dir='ltr'><strong>oportet.</strong></span> 
     </span>
     <span class='ocr_line' id='line_1_9' title="bbox 334 1236 1455 1322; baseline -0.004 -17"><span class='ocrx_word' id='word_1_58' title='bbox 334 1240 478 1320; x_wconf 86' lang='lat' dir='ltr'><strong>Quicquid</strong></span> <span class='ocrx_word' id='word_1_59' title='bbox 501 1239 613 1301; x_wconf 90' lang='lat' dir='ltr'><strong>babent</strong></span> <span class='ocrx_word' id='word_1_60' title='bbox 634 1239 681 1301; x_wconf 90' lang='lat' dir='ltr'><strong>alii</strong></span> <span class='ocrx_word' id='word_1_61' title='bbox 704 1241 827 1320; x_wconf 88' lang='lat' dir='ltr'><strong>passim,</strong></span> <span class='ocrx_word' id='word_1_62' title='bbox 851 1238 932 1301; x_wconf 83' lang='lat' dir='ltr'><strong>Maro</strong></span> <span class='ocrx_word' id='word_1_63' title='bbox 954 1241 1049 1311; x_wconf 89' lang='lat' dir='ltr'><strong>novit,</strong></span> <span class='ocrx_word' id='word_1_64' title='bbox 1072 1246 1101 1301; x_wconf 87' lang='lat' dir='ltr'><strong>ct</strong></span> <span class='ocrx_word' id='word_1_65' title='bbox 1122 1241 1211 1301; x_wconf 86' lang='lat' dir='ltr'><strong>artois</strong></span> <span class='ocrx_word' id='word_1_66' title='bbox 1318 1236 1406 1322; x_wconf 53' lang='lat' dir='ltr'><strong>lm*</strong></span> <span class='ocrx_word' id='word_1_67' title='bbox 1422 1246 1455 1282; x_wconf 54' lang='lat' dir='ltr'><strong><em>W</em></strong></span> 
     </span>
     <span class='ocr_line' id='line_1_10' title="bbox 336 1340 1081 1422; baseline -0.008 -15"><span class='ocrx_word' id='word_1_68' title='bbox 336 1343 442 1407; x_wconf 83' lang='lat' dir='ltr'><strong>Calluit</strong></span> <span class='ocrx_word' id='word_1_69' title='bbox 464 1343 635 1420; x_wconf 81' lang='lat' dir='ltr'><strong>omnigenas</strong></span> <span class='ocrx_word' id='word_1_70' title='bbox 657 1340 850 1422; x_wconf 77' lang='lat' dir='ltr'><strong>doctrinaque</strong></span> <span class='ocrx_word' id='word_1_71' title='bbox 872 1359 941 1402; x_wconf 91' lang='lat' dir='ltr'><strong>acre</strong></span> <span class='ocrx_word' id='word_1_72' title='bbox 964 1340 1081 1402; x_wconf 83' lang='lat' dir='ltr'><strong>iuvabat</strong></span> 
     </span>
     <span class='ocr_line' id='line_1_11' title="bbox 336 1442 1162 1525; baseline -0.005 -17"><span class='ocrx_word' id='word_1_73' title='bbox 336 1445 503 1525; x_wconf 78' lang='lat' dir='ltr'><strong>Ingenium:</strong></span> <span class='ocrx_word' id='word_1_74' title='bbox 527 1443 597 1505; x_wconf 88' lang='lat' dir='ltr'><strong>binc</strong></span> <span class='ocrx_word' id='word_1_75' title='bbox 619 1442 661 1525; x_wconf 84' lang='lat' dir='ltr'><strong>iili</strong></span> <span class='ocrx_word' id='word_1_76' title='bbox 681 1450 761 1504; x_wconf 83' lang='lat' dir='ltr'><strong>tanta</strong></span> <span class='ocrx_word' id='word_1_77' title='bbox 784 1451 829 1505; x_wconf 89' lang='lat' dir='ltr'><strong>est</strong></span> <span class='ocrx_word' id='word_1_78' title='bbox 848 1445 879 1505; x_wconf 92' lang='lat' dir='ltr'><strong>in</strong></span> <span class='ocrx_word' id='word_1_79' title='bbox 902 1445 1033 1504; x_wconf 82' lang='lat' dir='ltr'><strong>carmine</strong></span> <span class='ocrx_word' id='word_1_80' title='bbox 1055 1443 1162 1513; x_wconf 82' lang='lat' dir='ltr'><strong>virtus,</strong></span> 
     </span>
     <span class='ocr_line' id='line_1_12' title="bbox 335 1544 1176 1624; baseline -0.005 -14"><span class='ocrx_word' id='word_1_81' title='bbox 335 1548 448 1610; x_wconf 90' lang='lat' dir='ltr'><strong>Tantus</strong></span> <span class='ocrx_word' id='word_1_82' title='bbox 469 1546 581 1615; x_wconf 88' lang='lat' dir='ltr'><strong>bonor,</strong></span> <span class='ocrx_word' id='word_1_83' title='bbox 605 1545 674 1606; x_wconf 90' lang='lat' dir='ltr'><strong>binc</strong></span> <span class='ocrx_word' id='word_1_84' title='bbox 696 1545 841 1624; x_wconf 83' lang='lat' dir='ltr'><strong>estquod</strong></span> <span class='ocrx_word' id='word_1_85' title='bbox 864 1553 943 1607; x_wconf 76' lang='lat' dir='ltr'><strong>vates</strong></span> <span class='ocrx_word' id='word_1_86' title='bbox 966 1544 1051 1606; x_wconf 89' lang='lat' dir='ltr'><strong>altior</strong></span> <span class='ocrx_word' id='word_1_87' title='bbox 1072 1562 1176 1606; x_wconf 87' lang='lat' dir='ltr'><strong>omncs</strong></span> 
     </span>
    </p>

    <p class='ocr_par' dir='ltr' id='par_1_5' title="bbox 283 1646 1457 2135">
     <span class='ocr_line' id='line_1_13' title="bbox 283 1646 1436 1728; baseline -0.007 -14"><span class='ocrx_word' id='word_1_88' title='bbox 283 1672 321 1714; x_wconf 78' lang='lat' dir='ltr'><strong>ass</strong></span> <span class='ocrx_word' id='word_1_89' title='bbox 336 1651 391 1712; x_wconf 85' lang='lat' dir='ltr'><strong>Hic</strong></span> <span class='ocrx_word' id='word_1_90' title='bbox 413 1654 534 1728; x_wconf 88' lang='lat' dir='ltr'><strong>superat</strong></span> <span class='ocrx_word' id='word_1_91' title='bbox 554 1646 653 1708; x_wconf 85' lang='lat' dir='ltr'><strong>Latios</strong></span> <span class='ocrx_word' id='word_1_92' title='bbox 674 1665 842 1726; x_wconf 84' lang='lat' dir='ltr'><strong>nomenque</strong></span> <span class='ocrx_word' id='word_1_93' title='bbox 864 1647 901 1708; x_wconf 82' lang='lat' dir='ltr'><strong>ad</strong></span> <span class='ocrx_word' id='word_1_94' title='bbox 924 1646 1020 1708; x_wconf 85' lang='lat' dir='ltr'><strong>sidera</strong></span> <span class='ocrx_word' id='word_1_95' title='bbox 1043 1646 1127 1708; x_wconf 85' lang='lat' dir='ltr'><strong>toltit.</strong></span> <span class='ocrx_word' id='word_1_96' title='bbox 1433 1682 1436 1687; x_wconf 36' lang='grc' dir='ltr'><strong><em>ν</em></strong></span> 
     </span>
     <span class='ocr_line' id='line_1_14' title="bbox 337 1745 1457 1831; baseline -0.004 -18"><span class='ocrx_word' id='word_1_97' title='bbox 337 1752 363 1813; x_wconf 78' lang='lat' dir='ltr'><strong>(i</strong></span> <span class='ocrx_word' id='word_1_98' title='bbox 385 1748 460 1821; x_wconf 87' lang='lat' dir='ltr'><strong>Nec,</strong></span> <span class='ocrx_word' id='word_1_99' title='bbox 484 1750 622 1829; x_wconf 90' lang='lat' dir='ltr'><strong>quoniam</strong></span> <span class='ocrx_word' id='word_1_100' title='bbox 644 1766 752 1810; x_wconf 89' lang='lat' dir='ltr'><strong>munus</strong></span> <span class='ocrx_word' id='word_1_101' title='bbox 775 1748 857 1811; x_wconf 89' lang='lat' dir='ltr'><strong>vobis</strong></span> <span class='ocrx_word' id='word_1_102' title='bbox 879 1757 981 1811; x_wconf 86' lang='lat' dir='ltr'><strong>natura</strong></span> <span class='ocrx_word' id='word_1_103' title='bbox 1005 1749 1166 1827; x_wconf 83' lang='lat' dir='ltr'><strong>benignum</strong></span> <span class='ocrx_word' id='word_1_104' title='bbox 1302 1745 1457 1831; x_wconf 54' lang='lat' dir='ltr'><strong>&#39;mmo</strong></span> 
     </span>
     <span class='ocr_line' id='line_1_15' title="bbox 337 1850 1038 1930; baseline -0.003 -16"><span class='ocrx_word' id='word_1_105' title='bbox 337 1850 468 1915; x_wconf 82' lang='lat' dir='ltr'><strong>Contulit</strong></span> <span class='ocrx_word' id='word_1_106' title='bbox 488 1852 613 1930; x_wconf 84' lang='lat' dir='ltr'><strong>ingenii,</strong></span> <span class='ocrx_word' id='word_1_107' title='bbox 636 1851 757 1913; x_wconf 89' lang='lat' dir='ltr'><strong>nimium</strong></span> <span class='ocrx_word' id='word_1_108' title='bbox 780 1851 917 1913; x_wconf 85' lang='lat' dir='ltr'><strong>confidite</strong></span> <span class='ocrx_word' id='word_1_109' title='bbox 938 1851 1038 1912; x_wconf 87' lang='lat' dir='ltr'><strong>vobis:</strong></span> 
     </span>
     <span class='ocr_line' id='line_1_16' title="bbox 337 1949 1457 2034; baseline -0.004 -19"><span class='ocrx_word' id='word_1_110' title='bbox 337 1952 470 2017; x_wconf 82' lang='lat' dir='ltr'><strong>Eroolite</strong></span> <span class='ocrx_word' id='word_1_111' title='bbox 491 1952 545 2014; x_wconf 91' lang='lat' dir='ltr'><strong>bas</strong></span> <span class='ocrx_word' id='word_1_112' title='bbox 567 1954 644 2014; x_wconf 85' lang='lat' dir='ltr'><strong>vires</strong></span> <span class='ocrx_word' id='word_1_113' title='bbox 665 1955 855 2034; x_wconf 88' lang='lat' dir='ltr'><strong>animumque</strong></span> <span class='ocrx_word' id='word_1_114' title='bbox 877 1952 1017 2015; x_wconf 83' lang='lat' dir='ltr'><strong>intendite</strong></span> <span class='ocrx_word' id='word_1_115' title='bbox 1039 1952 1144 2020; x_wconf 88' lang='lat' dir='ltr'><strong>rebus,</strong></span> <span class='ocrx_word' id='word_1_116' title='bbox 1312 1949 1457 2033; x_wconf 51' lang='lat' dir='ltr'><strong>imm·</strong></span> 
     </span>
     <span class='ocr_line' id='line_1_17' title="bbox 338 2052 1318 2135; baseline -0.003 -18"><span class='ocrx_word' id='word_1_117' title='bbox 338 2057 410 2129; x_wconf 85' lang='lat' dir='ltr'><strong>Quis</strong></span> <span class='ocrx_word' id='word_1_118' title='bbox 432 2054 541 2117; x_wconf 86' lang='lat' dir='ltr'><strong>molem</strong></span> <span class='ocrx_word' id='word_1_119' title='bbox 563 2054 640 2116; x_wconf 91' lang='lat' dir='ltr'><strong>hanc</strong></span> <span class='ocrx_word' id='word_1_120' title='bbox 662 2063 794 2125; x_wconf 84' lang='lat' dir='ltr'><strong>moveat,</strong></span> <span class='ocrx_word' id='word_1_121' title='bbox 817 2056 884 2135; x_wconf 88' lang='lat' dir='ltr'><strong>quis</strong></span> <span class='ocrx_word' id='word_1_122' title='bbox 906 2054 1046 2116; x_wconf 88' lang='lat' dir='ltr'><strong>euntibus</strong></span> <span class='ocrx_word' id='word_1_123' title='bbox 1068 2056 1195 2132; x_wconf 85' lang='lat' dir='ltr'><strong>imperet</strong></span> <span class='ocrx_word' id='word_1_124' title='bbox 1214 2052 1318 2124; x_wconf 85' lang='lat' dir='ltr'><strong>astris,</strong></span> 
     </span>
    </p>

    <p class='ocr_par' dir='ltr' id='par_1_6' title="bbox 285 2156 1265 2440">
     <span class='ocr_line' id='line_1_18' title="bbox 285 2156 1200 2238; baseline -0.005 -18"><span class='ocrx_word' id='word_1_125' title='bbox 285 2178 323 2220; x_wconf 82' lang='lat' dir='ltr'><strong>aco</strong></span> <span class='ocrx_word' id='word_1_126' title='bbox 337 2157 413 2231; x_wconf 83' lang='lat' dir='ltr'><strong>Quin</strong></span> <span class='ocrx_word' id='word_1_127' title='bbox 437 2158 544 2233; x_wconf 85' lang='lat' dir='ltr'><strong>iatum,</strong></span> <span class='ocrx_word' id='word_1_128' title='bbox 568 2156 638 2237; x_wconf 85' lang='lat' dir='ltr'><strong>qnid</strong></span> <span class='ocrx_word' id='word_1_129' title='bbox 660 2159 698 2217; x_wconf 91' lang='lat' dir='ltr'><strong>sit</strong></span> <span class='ocrx_word' id='word_1_130' title='bbox 719 2174 820 2229; x_wconf 88' lang='lat' dir='ltr'><strong>casus,</strong></span> <span class='ocrx_word' id='word_1_131' title='bbox 843 2176 903 2236; x_wconf 85' lang='lat' dir='ltr'><strong>quo</strong></span> <span class='ocrx_word' id='word_1_132' title='bbox 926 2156 1044 2219; x_wconf 87' lang='lat' dir='ltr'><strong>turbine</strong></span> <span class='ocrx_word' id='word_1_133' title='bbox 1066 2173 1200 2238; x_wconf 81' lang='lat' dir='ltr'><strong>praeceps</strong></span> 
     </span>
     <span class='ocr_line' id='line_1_19' title="bbox 339 2258 1082 2339; baseline -0.004 -18"><span class='ocrx_word' id='word_1_134' title='bbox 339 2258 465 2321; x_wconf 86' lang='lat' dir='ltr'><strong>Mundus</strong></span> <span class='ocrx_word' id='word_1_135' title='bbox 488 2264 550 2329; x_wconf 89' lang='lat' dir='ltr'><strong>eat,</strong></span> <span class='ocrx_word' id='word_1_136' title='bbox 573 2276 640 2339; x_wconf 76' lang='lat' dir='ltr'><strong>quae</strong></span> <span class='ocrx_word' id='word_1_137' title='bbox 660 2260 699 2319; x_wconf 89' lang='lat' dir='ltr'><strong>sit</strong></span> <span class='ocrx_word' id='word_1_138' title='bbox 720 2259 811 2321; x_wconf 91' lang='lat' dir='ltr'><strong>rebus</strong></span> <span class='ocrx_word' id='word_1_139' title='bbox 834 2266 938 2320; x_wconf 86' lang='lat' dir='ltr'><strong>natura</strong></span> <span class='ocrx_word' id='word_1_140' title='bbox 961 2260 1082 2329; x_wconf 85' lang='lat' dir='ltr'><strong>creatis,</strong></span> 
     </span>
     <span class='ocr_line' id='line_1_20' title="bbox 339 2360 1265 2440; baseline -0.005 -17"><span class='ocrx_word' id='word_1_141' title='bbox 339 2360 448 2423; x_wconf 83' lang='lat' dir='ltr'><strong>Discite</strong></span> <span class='ocrx_word' id='word_1_142' title='bbox 468 2377 524 2439; x_wconf 90' lang='lat' dir='ltr'><strong>per</strong></span> <span class='ocrx_word' id='word_1_143' title='bbox 546 2377 663 2430; x_wconf 83' lang='lat' dir='ltr'><strong>cumas,</strong></span> <span class='ocrx_word' id='word_1_144' title='bbox 687 2360 899 2440; x_wconf 83' lang='lat' dir='ltr'><strong>bominumque</strong></span> <span class='ocrx_word' id='word_1_145' title='bbox 920 2362 1062 2440; x_wconf 87' lang='lat' dir='ltr'><strong>inquirite</strong></span> <span class='ocrx_word' id='word_1_146' title='bbox 1083 2377 1192 2421; x_wconf 90' lang='lat' dir='ltr'><strong>mores.</strong></span> <span class='ocrx_word' id='word_1_147' title='bbox 1254 2398 1265 2410; x_wconf 80' lang='lat'>‚</span> 
     </span>
    </p>

    <p class='ocr_par' dir='ltr' id='par_1_7' title="bbox 229 2456 1458 2545">
     <span class='ocr_line' id='line_1_21' title="bbox 229 2456 1458 2545; baseline -0.002 -20"><span class='ocrx_word' id='word_1_148' title='bbox 229 2489 233 2497; x_wconf 95' lang='lat'>·</span> <span class='ocrx_word' id='word_1_149' title='bbox 302 2476 312 2503; x_wconf 89' lang='lat'><strong>·</strong></span> <span class='ocrx_word' id='word_1_150' title='bbox 339 2463 365 2524; x_wconf 77' lang='lat' dir='ltr'><strong>(i</strong></span> <span class='ocrx_word' id='word_1_151' title='bbox 387 2462 461 2523; x_wconf 90' lang='lat' dir='ltr'><strong>Nam</strong></span> <span class='ocrx_word' id='word_1_152' title='bbox 484 2462 637 2545; x_wconf 77' lang='lat' dir='ltr'><strong>conforme</strong></span> <span class='ocrx_word' id='word_1_153' title='bbox 658 2464 720 2524; x_wconf 89' lang='lat' dir='ltr'><strong>suis</strong></span> <span class='ocrx_word' id='word_1_154' title='bbox 742 2461 867 2523; x_wconf 86' lang='lat' dir='ltr'><strong>muitum</strong></span> <span class='ocrx_word' id='word_1_155' title='bbox 890 2464 1044 2540; x_wconf 82' lang='lat' dir='ltr'><strong>scripsisse</strong></span> <span class='ocrx_word' id='word_1_156' title='bbox 1064 2460 1209 2541; x_wconf 90' lang='lat' dir='ltr'><strong>probatur</strong></span> <span class='ocrx_word' id='word_1_157' title='bbox 1268 2456 1458 2540; x_wconf 55' lang='lat' dir='ltr'><strong>*ossffflf&#39;ffi</strong></span> 
     </span>
    </p>

    <p class='ocr_par' dir='ltr' id='par_1_8' title="bbox 339 2562 1136 2644">
     <span class='ocr_line' id='line_1_22' title="bbox 339 2562 1136 2644; baseline 0 -19"><span class='ocrx_word' id='word_1_158' title='bbox 339 2562 539 2643; x_wconf 83' lang='lat' dir='ltr'><strong>Temporibus</strong></span> <span class='ocrx_word' id='word_1_159' title='bbox 560 2580 680 2625; x_wconf 88' lang='lat' dir='ltr'><strong>carmen</strong></span> <span class='ocrx_word' id='word_1_160' title='bbox 702 2565 841 2644; x_wconf 83' lang='lat' dir='ltr'><strong>vivosque</strong></span> <span class='ocrx_word' id='word_1_161' title='bbox 863 2563 1004 2642; x_wconf 81' lang='lat' dir='ltr'><strong>effingere</strong></span> <span class='ocrx_word' id='word_1_162' title='bbox 1027 2571 1136 2643; x_wconf 77' lang='lat' dir='ltr'><strong>gestus.</strong></span> 
     </span>
    </p>

    <p class='ocr_par' dir='ltr' id='par_1_9' title="bbox 286 2661 1457 3149">
     <span class='ocr_line' id='line_1_23' title="bbox 286 2661 1457 2749; baseline -0.005 -18"><span class='ocrx_word' id='word_1_163' title='bbox 286 2668 366 2731; x_wconf 69' lang='lat' dir='ltr'><strong>aceo</strong></span> <span class='ocrx_word' id='word_1_164' title='bbox 387 2667 463 2728; x_wconf 83' lang='lat' dir='ltr'><strong>Dum</strong></span> <span class='ocrx_word' id='word_1_165' title='bbox 486 2664 596 2744; x_wconf 82' lang='lat' dir='ltr'><strong>legitis,</strong></span> <span class='ocrx_word' id='word_1_166' title='bbox 620 2664 744 2727; x_wconf 89' lang='lat' dir='ltr'><strong>multum</strong></span> <span class='ocrx_word' id='word_1_167' title='bbox 767 2668 975 2745; x_wconf 85' lang='lat' dir='ltr'><strong>potiusquam</strong></span> <span class='ocrx_word' id='word_1_168' title='bbox 998 2665 1091 2727; x_wconf 91' lang='lat' dir='ltr'><strong>multa</strong></span> <span class='ocrx_word' id='word_1_169' title='bbox 1111 2665 1224 2743; x_wconf 77' lang='lat' dir='ltr'><strong>legetis.</strong></span> <span class='ocrx_word' id='word_1_170' title='bbox 1300 2661 1457 2749; x_wconf 50' lang='lat' dir='ltr'><strong>lm*</strong></span> 
     </span>
     <span class='ocr_line' id='line_1_24' title="bbox 342 2763 1455 2847; baseline -0.003 -19"><span class='ocrx_word' id='word_1_171' title='bbox 342 2770 367 2828; x_wconf 81' lang='lat' dir='ltr'><strong>e</strong></span> <span class='ocrx_word' id='word_1_172' title='bbox 389 2768 451 2829; x_wconf 87' lang='lat' dir='ltr'><strong>Nec</strong></span> <span class='ocrx_word' id='word_1_173' title='bbox 473 2785 525 2828; x_wconf 86' lang='lat' dir='ltr'><strong>vos</strong></span> <span class='ocrx_word' id='word_1_174' title='bbox 546 2766 664 2828; x_wconf 75' lang='lat' dir='ltr'><strong>dicentii</strong></span> <span class='ocrx_word' id='word_1_175' title='bbox 685 2765 795 2828; x_wconf 89' lang='lat' dir='ltr'><strong>lateant</strong></span> <span class='ocrx_word' id='word_1_176' title='bbox 816 2785 941 2847; x_wconf 77' lang='lat' dir='ltr'><strong>genera,</strong></span> <span class='ocrx_word' id='word_1_177' title='bbox 964 2773 1056 2846; x_wconf 86' lang='lat' dir='ltr'><strong>utque</strong></span> <span class='ocrx_word' id='word_1_178' title='bbox 1077 2768 1189 2846; x_wconf 84' lang='lat' dir='ltr'><strong>peritus</strong></span> <span class='ocrx_word' id='word_1_179' title='bbox 1353 2763 1455 2800; x_wconf 59' lang='grc' dir='ltr'><strong>Μ</strong></span> 
     </span>
     <span class='ocr_line' id='line_1_25' title="bbox 343 2868 1054 2939; baseline -0.001 -9"><span class='ocrx_word' id='word_1_180' title='bbox 343 2869 450 2931; x_wconf 88' lang='lat' dir='ltr'><strong>Orator</strong></span> <span class='ocrx_word' id='word_1_181' title='bbox 472 2886 576 2931; x_wconf 86' lang='lat' dir='ltr'><strong>causas</strong></span> <span class='ocrx_word' id='word_1_182' title='bbox 597 2875 718 2939; x_wconf 87' lang='lat' dir='ltr'><strong>tractat,</strong></span> <span class='ocrx_word' id='word_1_183' title='bbox 742 2871 785 2930; x_wconf 91' lang='lat' dir='ltr'><strong>sic</strong></span> <span class='ocrx_word' id='word_1_184' title='bbox 807 2868 940 2931; x_wconf 88' lang='lat' dir='ltr'><strong>scribere</strong></span> <span class='ocrx_word' id='word_1_185' title='bbox 961 2875 1054 2938; x_wconf 83' lang='lat' dir='ltr'><strong>vates,</strong></span> 
     </span>
     <span class='ocr_line' id='line_1_26' title="bbox 342 2968 1093 3051; baseline -0.004 -18"><span class='ocrx_word' id='word_1_186' title='bbox 342 2972 391 3033; x_wconf 86' lang='lat' dir='ltr'><strong>Sic</strong></span> <span class='ocrx_word' id='word_1_187' title='bbox 412 2970 488 3032; x_wconf 88' lang='lat' dir='ltr'><strong>solet</strong></span> <span class='ocrx_word' id='word_1_188' title='bbox 510 2969 627 3051; x_wconf 90' lang='lat' dir='ltr'><strong>eloquio</strong></span> <span class='ocrx_word' id='word_1_189' title='bbox 649 2977 766 3032; x_wconf 89' lang='lat' dir='ltr'><strong>montes</strong></span> <span class='ocrx_word' id='word_1_190' title='bbox 786 2969 933 3039; x_wconf 87' lang='lat' dir='ltr'><strong>mulcere,</strong></span> <span class='ocrx_word' id='word_1_191' title='bbox 956 2970 1009 3032; x_wconf 85' lang='lat' dir='ltr'><strong>sed</strong></span> <span class='ocrx_word' id='word_1_192' title='bbox 1031 2968 1093 3031; x_wconf 73' lang='lat' dir='ltr'><strong>illi‘</strong></span> 
     </span>
     <span class='ocr_line' id='line_1_27' title="bbox 342 3072 1079 3149; baseline -0.003 -14"><span class='ocrx_word' id='word_1_193' title='bbox 342 3072 477 3135; x_wconf 84' lang='lat' dir='ltr'><strong>Liberior</strong></span> <span class='ocrx_word' id='word_1_194' title='bbox 498 3090 605 3134; x_wconf 77' lang='lat' dir='ltr'><strong>cocum</strong></span> <span class='ocrx_word' id='word_1_195' title='bbox 628 3079 672 3133; x_wconf 88' lang='lat' dir='ltr'><strong>est</strong></span> <span class='ocrx_word' id='word_1_196' title='bbox 692 3090 778 3142; x_wconf 90' lang='lat' dir='ltr'><strong>usus,</strong></span> <span class='ocrx_word' id='word_1_197' title='bbox 800 3090 853 3134; x_wconf 88' lang='lat' dir='ltr'><strong>ros</strong></span> <span class='ocrx_word' id='word_1_198' title='bbox 875 3073 970 3149; x_wconf 78' lang='lat' dir='ltr'><strong>cogite</strong></span> <span class='ocrx_word' id='word_1_199' title='bbox 992 3090 1079 3133; x_wconf 85' lang='lat' dir='ltr'><strong>voces</strong></span> 
     </span>
    </p>

    <p class='ocr_par' dir='ltr' id='par_1_10' title="bbox 289 3171 1153 3660">
     <span class='ocr_line' id='line_1_28' title="bbox 289 3171 1122 3243; baseline -0.002 -7"><span class='ocrx_word' id='word_1_200' title='bbox 289 3195 328 3237; x_wconf 77' lang='lat' dir='ltr'><strong>aro</strong></span> <span class='ocrx_word' id='word_1_201' title='bbox 341 3175 422 3237; x_wconf 86' lang='lat' dir='ltr'><strong>inter</strong></span> <span class='ocrx_word' id='word_1_202' title='bbox 444 3193 476 3236; x_wconf 88' lang='lat' dir='ltr'><strong>se</strong></span> <span class='ocrx_word' id='word_1_203' title='bbox 498 3171 625 3236; x_wconf 85' lang='lat' dir='ltr'><strong>similes:</strong></span> <span class='ocrx_word' id='word_1_204' title='bbox 648 3178 717 3234; x_wconf 87' lang='lat' dir='ltr'><strong>nam</strong></span> <span class='ocrx_word' id='word_1_205' title='bbox 740 3191 789 3236; x_wconf 86' lang='lat' dir='ltr'><strong>res</strong></span> <span class='ocrx_word' id='word_1_206' title='bbox 812 3176 898 3237; x_wconf 86' lang='lat' dir='ltr'><strong>etiam</strong></span> <span class='ocrx_word' id='word_1_207' title='bbox 920 3176 976 3236; x_wconf 92' lang='lat' dir='ltr'><strong>ista</strong></span> <span class='ocrx_word' id='word_1_208' title='bbox 998 3174 1122 3243; x_wconf 86' lang='lat' dir='ltr'><strong>iuvabit;</strong></span> 
     </span>
     <span class='ocr_line' id='line_1_29' title="bbox 343 3275 1153 3354; baseline -0.001 -18"><span class='ocrx_word' id='word_1_209' title='bbox 343 3277 458 3337; x_wconf 78' lang='lat' dir='ltr'><strong>Profuit</strong></span> <span class='ocrx_word' id='word_1_210' title='bbox 479 3281 509 3336; x_wconf 89' lang='lat' dir='ltr'><strong>ct</strong></span> <span class='ocrx_word' id='word_1_211' title='bbox 530 3293 624 3354; x_wconf 81' lang='lat' dir='ltr'><strong>genus</strong></span> <span class='ocrx_word' id='word_1_212' title='bbox 646 3276 676 3336; x_wconf 91' lang='lat' dir='ltr'><strong>in</strong></span> <span class='ocrx_word' id='word_1_213' title='bbox 699 3275 828 3354; x_wconf 85' lang='lat' dir='ltr'><strong>speciem</strong></span> <span class='ocrx_word' id='word_1_214' title='bbox 850 3283 901 3337; x_wconf 93' lang='lat' dir='ltr'><strong>aut</strong></span> <span class='ocrx_word' id='word_1_215' title='bbox 922 3284 1025 3338; x_wconf 88' lang='lat' dir='ltr'><strong>contra</strong></span> <span class='ocrx_word' id='word_1_216' title='bbox 1047 3277 1153 3337; x_wconf 89' lang='lat' dir='ltr'><strong>variari</strong></span> 
     </span>
     <span class='ocr_line' id='line_1_30' title="bbox 342 3376 1069 3440; baseline -0.001 0"><span class='ocrx_word' id='word_1_217' title='bbox 342 3379 379 3440; x_wconf 85' lang='lat' dir='ltr'><strong>Et</strong></span> <span class='ocrx_word' id='word_1_218' title='bbox 399 3376 503 3440; x_wconf 87' lang='lat' dir='ltr'><strong>saltem</strong></span> <span class='ocrx_word' id='word_1_219' title='bbox 526 3376 605 3437; x_wconf 83' lang='lat' dir='ltr'><strong>affini</strong></span> <span class='ocrx_word' id='word_1_220' title='bbox 628 3376 808 3438; x_wconf 82' lang='lat' dir='ltr'><strong>contundere</strong></span> <span class='ocrx_word' id='word_1_221' title='bbox 831 3380 948 3438; x_wconf 89' lang='lat' dir='ltr'><strong>nomina</strong></span> <span class='ocrx_word' id='word_1_222' title='bbox 971 3396 1069 3439; x_wconf 87' lang='lat' dir='ltr'><strong>sensu.</strong></span> 
     </span>
     <span class='ocr_line' id='line_1_31' title="bbox 343 3477 1112 3559; baseline -0.004 -18"><span class='ocrx_word' id='word_1_223' title='bbox 343 3480 422 3542; x_wconf 83' lang='lat' dir='ltr'><strong>Raro</strong></span> <span class='ocrx_word' id='word_1_224' title='bbox 444 3478 563 3559; x_wconf 81' lang='lat' dir='ltr'><strong>aliquod</strong></span> <span class='ocrx_word' id='word_1_225' title='bbox 584 3497 679 3558; x_wconf 90' lang='lat' dir='ltr'><strong>ponas</strong></span> <span class='ocrx_word' id='word_1_226' title='bbox 700 3498 823 3550; x_wconf 87' lang='lat' dir='ltr'><strong>nomen,</strong></span> <span class='ocrx_word' id='word_1_227' title='bbox 847 3480 903 3539; x_wconf 88' lang='lat' dir='ltr'><strong>nisi</strong></span> <span class='ocrx_word' id='word_1_228' title='bbox 926 3479 1048 3539; x_wconf 81' lang='lat' dir='ltr'><strong>forsitan</strong></span> <span class='ocrx_word' id='word_1_229' title='bbox 1068 3477 1112 3539; x_wconf 90' lang='lat' dir='ltr'><strong>iili</strong></span> 
     </span>
     <span class='ocr_line' id='line_1_32' title="bbox 343 3579 1122 3660; baseline -0.004 -18"><span class='ocrx_word' id='word_1_230' title='bbox 343 3582 496 3643; x_wconf 77' lang='lat' dir='ltr'><strong>Adiectum</strong></span> <span class='ocrx_word' id='word_1_231' title='bbox 519 3579 631 3641; x_wconf 85' lang='lat' dir='ltr'><strong>tribuas</strong></span> <span class='ocrx_word' id='word_1_232' title='bbox 654 3583 823 3660; x_wconf 86' lang='lat' dir='ltr'><strong>proprinm;</strong></span> <span class='ocrx_word' id='word_1_233' title='bbox 846 3581 884 3653; x_wconf 82' lang='lat' dir='ltr'><strong>sit</strong></span> <span class='ocrx_word' id='word_1_234' title='bbox 906 3579 1020 3642; x_wconf 84' lang='lat' dir='ltr'><strong>lucidus</strong></span> <span class='ocrx_word' id='word_1_235' title='bbox 1042 3581 1122 3640; x_wconf 91' lang='lat' dir='ltr'><strong>omni</strong></span> 
     </span>
    </p>

    <p class='ocr_par' dir='ltr' id='par_1_11' title="bbox 290 3680 1140 3864">
     <span class='ocr_line' id='line_1_33' title="bbox 290 3680 1140 3763; baseline -0.002 -18"><span class='ocrx_word' id='word_1_236' title='bbox 290 3703 329 3745; x_wconf 81' lang='lat' dir='ltr'><strong>au</strong></span> <span class='ocrx_word' id='word_1_237' title='bbox 343 3681 461 3744; x_wconf 85' lang='lat' dir='ltr'><strong>Duricie</strong></span> <span class='ocrx_word' id='word_1_238' title='bbox 482 3683 587 3762; x_wconf 90' lang='lat' dir='ltr'><strong>procui</strong></span> <span class='ocrx_word' id='word_1_239' title='bbox 610 3683 678 3744; x_wconf 92' lang='lat' dir='ltr'><strong>binc</strong></span> <span class='ocrx_word' id='word_1_240' title='bbox 701 3701 814 3752; x_wconf 87' lang='lat' dir='ltr'><strong>sermo,</strong></span> <span class='ocrx_word' id='word_1_241' title='bbox 838 3684 895 3763; x_wconf 75' lang='lat' dir='ltr'><strong>sint</strong></span> <span class='ocrx_word' id='word_1_242' title='bbox 917 3684 1015 3743; x_wconf 90' lang='lat' dir='ltr'><strong>omnia</strong></span> <span class='ocrx_word' id='word_1_243' title='bbox 1038 3680 1140 3761; x_wconf 86' lang='lat' dir='ltr'><strong>plana,</strong></span> 
     </span>
     <span class='ocr_line' id='line_1_34' title="bbox 344 3782 1058 3864; baseline -0.001 -18"><span class='ocrx_word' id='word_1_244' title='bbox 344 3784 409 3846; x_wconf 87' lang='lat' dir='ltr'><strong>Sint</strong></span> <span class='ocrx_word' id='word_1_245' title='bbox 431 3783 509 3846; x_wconf 81' lang='lat' dir='ltr'><strong>sacili</strong></span> <span class='ocrx_word' id='word_1_246' title='bbox 530 3784 674 3864; x_wconf 86' lang='lat' dir='ltr'><strong>producta</strong></span> <span class='ocrx_word' id='word_1_247' title='bbox 696 3783 762 3847; x_wconf 89' lang='lat' dir='ltr'><strong>stilo</strong></span> <span class='ocrx_word' id='word_1_248' title='bbox 785 3802 917 3864; x_wconf 86' lang='lat' dir='ltr'><strong>venaque</strong></span> <span class='ocrx_word' id='word_1_249' title='bbox 939 3782 1058 3853; x_wconf 83' lang='lat' dir='ltr'><strong>fluenti;</strong></span> 
     </span>
    </p>
   </div>
   <div class='ocr_carea' id='block_1_3' title="bbox 170 4034 1470 4780">
    <p class='ocr_par' dir='ltr' id='par_1_12' title="bbox 170 4034 1470 4780">
     <span class='ocr_line' id='line_1_35' title="bbox 237 4034 1467 4105; baseline -0.001 -15"><span class='ocrx_word' id='word_1_250' title='bbox 237 4037 272 4072; x_wconf 78' lang='lat'><strong>⁸¹⁵</strong></span> <span class='ocrx_word' id='word_1_251' title='bbox 290 4042 334 4090; x_wconf 84' lang='lat' dir='ltr'><strong>oet</strong></span> <span class='ocrx_word' id='word_1_252' title='bbox 353 4042 394 4089; x_wconf 84' lang='lat'><strong>17.</strong></span> <span class='ocrx_word' id='word_1_253' title='bbox 458 4039 580 4105; x_wconf 86' lang='lat' dir='ltr'><strong>precium</strong></span> <span class='ocrx_word' id='word_1_254' title='bbox 599 4042 649 4101; x_wconf 84' lang='lat' dir='ltr'><strong>est,</strong></span> <span class='ocrx_word' id='word_1_255' title='bbox 668 4037 770 4105; x_wconf 80' lang='lat' dir='ltr'><strong>vigiles</strong></span> <span class='ocrx_word' id='word_1_256' title='bbox 788 4038 842 4089; x_wconf 87' lang='lat' dir='ltr'><strong>hnc</strong></span> <span class='ocrx_word' id='word_1_257' title='bbox 860 4042 885 4089; x_wconf 81' lang='lat'><strong>2.</strong></span> <span class='ocrx_word' id='word_1_258' title='bbox 943 4035 978 4070; x_wconf 77' lang='lat'><strong>⁸⁴⁸</strong></span> <span class='ocrx_word' id='word_1_259' title='bbox 995 4052 1031 4088; x_wconf 88' lang='lat' dir='ltr'><strong>ne</strong></span> <span class='ocrx_word' id='word_1_260' title='bbox 1050 4042 1075 4088; x_wconf 81' lang='lat'><strong>2.</strong></span> <span class='ocrx_word' id='word_1_261' title='bbox 1131 4034 1166 4070; x_wconf 79' lang='lat'><strong>⁸⁴⁷</strong></span> <span class='ocrx_word' id='word_1_262' title='bbox 1185 4036 1330 4099; x_wconf 72' lang='lat' dir='ltr'><strong>Quintilian.</strong></span> <span class='ocrx_word' id='word_1_263' title='bbox 1344 4037 1415 4089; x_wconf 81' lang='lat' dir='ltr'><strong>lust.</strong></span> <span class='ocrx_word' id='word_1_264' title='bbox 1428 4052 1467 4089; x_wconf 85' lang='lat' dir='ltr'><strong>or.</strong></span> 
     </span>
     <span class='ocr_line' id='line_1_36' title="bbox 170 4121 1468 4191; baseline -0.002 -15"><span class='ocrx_word' id='word_1_265' title='bbox 170 4140 282 4191; x_wconf 74' lang='lat' dir='ltr'><strong>prooem.</strong></span> <span class='ocrx_word' id='word_1_266' title='bbox 295 4125 317 4175; x_wconf 93' lang='grc' dir='ltr'><strong>Ι.</strong></span> <span class='ocrx_word' id='word_1_267' title='bbox 330 4124 349 4174; x_wconf 88' lang='lat' dir='ltr'><strong>i.</strong></span> <span class='ocrx_word' id='word_1_268' title='bbox 363 4124 382 4173; x_wconf 80' lang='lat' dir='ltr'><strong>f.</strong></span> <span class='ocrx_word' id='word_1_269' title='bbox 402 4123 495 4187; x_wconf 83' lang='lat' dir='ltr'><strong>„bone</strong></span> <span class='ocrx_word' id='word_1_270' title='bbox 513 4124 596 4175; x_wconf 83' lang='lat' dir='ltr'><strong>etiem</strong></span> <span class='ocrx_word' id='word_1_271' title='bbox 614 4123 729 4189; x_wconf 84' lang='lat' dir='ltr'><strong>ingenia</strong></span> <span class='ocrx_word' id='word_1_272' title='bbox 792 4124 851 4174; x_wconf 84' lang='lat' dir='ltr'><strong>sine</strong></span> <span class='ocrx_word' id='word_1_273' title='bbox 871 4123 982 4174; x_wconf 81' lang='lat' dir='ltr'><strong>doctore</strong></span> <span class='ocrx_word' id='word_1_274' title='bbox 1001 4124 1105 4188; x_wconf 85' lang='lat' dir='ltr'><strong>perito,</strong></span> <span class='ocrx_word' id='word_1_275' title='bbox 1124 4122 1216 4177; x_wconf 83' lang='lat' dir='ltr'><strong>studio</strong></span> <span class='ocrx_word' id='word_1_276' title='bbox 1234 4121 1382 4189; x_wconf 74' lang='lat' dir='ltr'><strong>pertinaci,</strong></span> <span class='ocrx_word' id='word_1_277' title='bbox 1400 4122 1468 4174; x_wconf 83' lang='lat' dir='ltr'><strong>ecri-</strong></span> 
     </span>
     <span class='ocr_line' id='line_1_37' title="bbox 171 4206 1467 4275; baseline -0.004 -14"><span class='ocrx_word' id='word_1_278' title='bbox 171 4208 270 4273; x_wconf 84' lang='lat' dir='ltr'><strong>bendi‚</strong></span> <span class='ocrx_word' id='word_1_279' title='bbox 293 4206 417 4275; x_wconf 75' lang='lat' dir='ltr'><strong>legendi,</strong></span> <span class='ocrx_word' id='word_1_280' title='bbox 443 4207 575 4270; x_wconf 87' lang='lat' dir='ltr'><strong>docendi,</strong></span> <span class='ocrx_word' id='word_1_281' title='bbox 595 4208 681 4258; x_wconf 78' lang='lat' dir='ltr'><strong>multe</strong></span> <span class='ocrx_word' id='word_1_282' title='bbox 700 4213 728 4258; x_wconf 84' lang='lat' dir='ltr'><strong>et</strong></span> <span class='ocrx_word' id='word_1_283' title='bbox 747 4209 878 4259; x_wconf 85' lang='lat' dir='ltr'><strong>continue</strong></span> <span class='ocrx_word' id='word_1_284' title='bbox 897 4207 1098 4258; x_wconf 81' lang='lat' dir='ltr'><strong>exercitatione</strong></span> <span class='ocrx_word' id='word_1_285' title='bbox 1116 4223 1166 4274; x_wconf 87' lang='lat' dir='ltr'><strong>per</strong></span> <span class='ocrx_word' id='word_1_286' title='bbox 1183 4222 1214 4257; x_wconf 83' lang='lat' dir='ltr'><strong>ee</strong></span> <span class='ocrx_word' id='word_1_287' title='bbox 1237 4206 1308 4256; x_wconf 86' lang='lat' dir='ltr'><strong>nibil</strong></span> <span class='ocrx_word' id='word_1_288' title='bbox 1325 4208 1467 4273; x_wconf 60' lang='lat' dir='ltr'><strong>prosum</strong></span> 
     </span>
     <span class='ocr_line' id='line_1_38' title="bbox 170 4290 1467 4361; baseline -0.002 -16"><span class='ocrx_word' id='word_1_289' title='bbox 170 4292 206 4328; x_wconf 77' lang='lat'><strong>⁸⁴⁸</strong></span> <span class='ocrx_word' id='word_1_290' title='bbox 228 4293 367 4361; x_wconf 75' lang='lat' dir='ltr'><strong>legerent,</strong></span> <span class='ocrx_word' id='word_1_291' title='bbox 399 4292 494 4342; x_wconf 86' lang='lat' dir='ltr'><strong>audire</strong></span> <span class='ocrx_word' id='word_1_292' title='bbox 512 4296 538 4346; x_wconf 83' lang='lat'><strong>2.</strong></span> <span class='ocrx_word' id='word_1_293' title='bbox 607 4290 642 4325; x_wconf 80' lang='lat'><strong>⁸⁵⁰</strong></span> <span class='ocrx_word' id='word_1_294' title='bbox 665 4293 795 4344; x_wconf 80' lang='lat' dir='ltr'><strong>authores</strong></span> <span class='ocrx_word' id='word_1_295' title='bbox 812 4295 871 4343; x_wconf 71' lang='lat' dir='ltr'><strong>M.</strong></span> <span class='ocrx_word' id='word_1_296' title='bbox 902 4297 1031 4343; x_wconf 82' lang='lat' dir='ltr'><strong>unctores</strong></span> <span class='ocrx_word' id='word_1_297' title='bbox 1049 4295 1090 4342; x_wconf 78' lang='lat'><strong>19.</strong></span> <span class='ocrx_word' id='word_1_298' title='bbox 1159 4290 1467 4343; x_wconf 66' lang='lat' dir='ltr'><strong>³⁵¹artes2.1.11.17.</strong></span> 
     </span>
     <span class='ocr_line' id='line_1_39' title="bbox 171 4373 1468 4444; baseline -0.002 -15"><span class='ocrx_word' id='word_1_299' title='bbox 171 4375 206 4412; x_wconf 76' lang='lat'><strong>⁸⁸⁴</strong></span> <span class='ocrx_word' id='word_1_300' title='bbox 223 4378 364 4429; x_wconf 73' lang='lat' dir='ltr'><strong>Tentos‘l.</strong></span> <span class='ocrx_word' id='word_1_301' title='bbox 411 4374 444 4409; x_wconf 70' lang='lat'><strong>⁸⁵³</strong></span> <span class='ocrx_word' id='word_1_302' title='bbox 463 4373 497 4426; x_wconf 75' lang='lat' dir='ltr'><strong>ari</strong></span> <span class='ocrx_word' id='word_1_303' title='bbox 516 4375 567 4426; x_wconf 84' lang='lat' dir='ltr'><strong>eid.</strong></span> <span class='ocrx_word' id='word_1_304' title='bbox 582 4376 649 4444; x_wconf 72' lang='lat' dir='ltr'><strong>toli]</strong></span> <span class='ocrx_word' id='word_1_305' title='bbox 667 4380 745 4444; x_wconf 79' lang='lat' dir='ltr'><strong>Verp.</strong></span> <span class='ocrx_word' id='word_1_306' title='bbox 758 4379 825 4428; x_wconf 81' lang='lat' dir='ltr'><strong>Aen.</strong></span> <span class='ocrx_word' id='word_1_307' title='bbox 839 4378 939 4429; x_wconf 62' lang='lat' dir='ltr'><strong>Hm</strong></span> <span class='ocrx_word' id='word_1_308' title='bbox 987 4376 1087 4440; x_wconf 83' lang='lat' dir='ltr'><strong>sydera</strong></span> <span class='ocrx_word' id='word_1_309' title='bbox 1099 4379 1124 4427; x_wconf 83' lang='lat'><strong>2.</strong></span> <span class='ocrx_word' id='word_1_310' title='bbox 1133 4379 1207 4426; x_wconf 71' lang='grc'><strong><em>4.]9.</em></strong></span> <span class='ocrx_word' id='word_1_311' title='bbox 1253 4374 1468 4427; x_wconf 62' lang='grc' dir='ltr'><strong>ιωΕιιοοίἢοέ.</strong></span> 
     </span>
     <span class='ocr_line' id='line_1_40' title="bbox 171 4458 1469 4528; baseline -0.002 -15"><span class='ocrx_word' id='word_1_312' title='bbox 171 4461 205 4496; x_wconf 73' lang='lat'><strong>⁸⁸·</strong></span> <span class='ocrx_word' id='word_1_313' title='bbox 225 4463 312 4513; x_wconf 69' lang='lat' dir='ltr'><strong>natrix</strong></span> <span class='ocrx_word' id='word_1_314' title='bbox 329 4464 355 4512; x_wconf 72' lang='grc'><strong>4.</strong></span> <span class='ocrx_word' id='word_1_315' title='bbox 424 4460 458 4493; x_wconf 70' lang='lat'><strong>³⁶⁰</strong></span> <span class='ocrx_word' id='word_1_316' title='bbox 475 4474 564 4525; x_wconf 67' lang='lat' dir='ltr'><strong>preceps</strong></span> <span class='ocrx_word' id='word_1_317' title='bbox 578 4465 601 4511; x_wconf 84' lang='grc'><strong>1.</strong></span> <span class='ocrx_word' id='word_1_318' title='bbox 670 4461 703 4495; x_wconf 81' lang='lat'><strong>⁸⁸¹</strong></span> <span class='ocrx_word' id='word_1_319' title='bbox 722 4476 768 4528; x_wconf 76' lang='lat' dir='ltr'><strong>qua</strong></span> <span class='ocrx_word' id='word_1_320' title='bbox 786 4466 810 4511; x_wconf 85' lang='lat'><strong>1.</strong></span> <span class='ocrx_word' id='word_1_321' title='bbox 880 4460 913 4494; x_wconf 80' lang='lat'><strong>³⁶²</strong></span> <span class='ocrx_word' id='word_1_322' title='bbox 932 4476 1046 4512; x_wconf 74' lang='lat' dir='ltr'><strong>caussas</strong></span> <span class='ocrx_word' id='word_1_323' title='bbox 1065 4463 1105 4510; x_wconf 81' lang='lat'><strong>19.</strong></span> <span class='ocrx_word' id='word_1_324' title='bbox 1176 4458 1210 4492; x_wconf 80' lang='lat'><strong>⁸⁸³</strong></span> <span class='ocrx_word' id='word_1_325' title='bbox 1228 4460 1361 4526; x_wconf 79' lang='lat' dir='ltr'><strong>probetne</strong></span> <span class='ocrx_word' id='word_1_326' title='bbox 1380 4462 1469 4514; x_wconf 73' lang='lat' dir='ltr'><strong>tw.</strong></span> 
     </span>
     <span class='ocr_line' id='line_1_41' title="bbox 172 4544 1469 4613; baseline -0.003 -15"><span class='ocrx_word' id='word_1_327' title='bbox 172 4546 206 4582; x_wconf 62' lang='grc' dir='ltr'><strong><em>Μ</em></strong></span> <span class='ocrx_word' id='word_1_328' title='bbox 222 4551 324 4613; x_wconf 79' lang='lat' dir='ltr'><strong>gestes.</strong></span> <span class='ocrx_word' id='word_1_329' title='bbox 338 4550 378 4597; x_wconf 83' lang='lat' dir='ltr'><strong>n.</strong></span> <span class='ocrx_word' id='word_1_330' title='bbox 448 4544 482 4577; x_wconf 73' lang='lat'><strong>⁸⁶⁵</strong></span> <span class='ocrx_word' id='word_1_331' title='bbox 499 4547 595 4612; x_wconf 85' lang='lat' dir='ltr'><strong>pocius</strong></span> <span class='ocrx_word' id='word_1_332' title='bbox 614 4549 640 4595; x_wconf 81' lang='lat'><strong>2.</strong></span> <span class='ocrx_word' id='word_1_333' title='bbox 711 4544 744 4577; x_wconf 63' lang='grc' dir='ltr'><strong>’θ’</strong></span> <span class='ocrx_word' id='word_1_334' title='bbox 762 4545 859 4600; x_wconf 58' lang='lat' dir='ltr'><strong>&amp;rotor</strong></span> <span class='ocrx_word' id='word_1_335' title='bbox 877 4559 886 4598; x_wconf 80' lang='lat' dir='ltr'><strong>t</strong></span> <span class='ocrx_word' id='word_1_336' title='bbox 903 4555 973 4610; x_wconf 77' lang='lat' dir='ltr'><strong>poeta</strong></span> <span class='ocrx_word' id='word_1_337' title='bbox 995 4544 1033 4595; x_wconf 79' lang='lat' dir='ltr'><strong>bie</strong></span> <span class='ocrx_word' id='word_1_338' title='bbox 1051 4548 1087 4596; x_wconf 80' lang='lat' dir='ltr'><strong>ad</strong></span> <span class='ocrx_word' id='word_1_339' title='bbox 1102 4561 1182 4611; x_wconf 79' lang='lat' dir='ltr'><strong>murp.</strong></span> <span class='ocrx_word' id='word_1_340' title='bbox 1196 4548 1220 4595; x_wconf 82' lang='lat'><strong>1.</strong></span> <span class='ocrx_word' id='word_1_341' title='bbox 1291 4560 1410 4597; x_wconf 76' lang='lat' dir='ltr'><strong>caussas</strong></span> <span class='ocrx_word' id='word_1_342' title='bbox 1428 4548 1469 4595; x_wconf 80' lang='lat' dir='ltr'><strong>n.</strong></span> 
     </span>
     <span class='ocr_line' id='line_1_42' title="bbox 172 4627 1470 4697; baseline -0.002 -15"><span class='ocrx_word' id='word_1_343' title='bbox 172 4627 265 4697; x_wconf 82' lang='lat' dir='ltr'><strong>vetes]</strong></span> <span class='ocrx_word' id='word_1_344' title='bbox 284 4647 367 4681; x_wconf 81' lang='lat' dir='ltr'><strong>voces</strong></span> <span class='ocrx_word' id='word_1_345' title='bbox 380 4636 406 4681; x_wconf 85' lang='grc'><strong>2.</strong></span> <span class='ocrx_word' id='word_1_346' title='bbox 452 4627 485 4662; x_wconf 79' lang='lat'><strong>³⁷¹</strong></span> <span class='ocrx_word' id='word_1_347' title='bbox 506 4627 542 4695; x_wconf 87' lang='lat' dir='ltr'><strong>et]</strong></span> <span class='ocrx_word' id='word_1_348' title='bbox 557 4641 605 4681; x_wconf 86' lang='lat' dir='ltr'><strong>eut</strong></span> <span class='ocrx_word' id='word_1_349' title='bbox 616 4636 641 4682; x_wconf 82' lang='lat'><strong>2.</strong></span> <span class='ocrx_word' id='word_1_350' title='bbox 695 4631 792 4695; x_wconf 74' lang='lat' dir='ltr'><strong>[petiero</strong></span> <span class='ocrx_word' id='word_1_351' title='bbox 806 4635 829 4682; x_wconf 88' lang='lat'><strong>1.</strong></span> <span class='ocrx_word' id='word_1_352' title='bbox 882 4632 1026 4681; x_wconf 65' lang='lat' dir='ltr'><strong>Praeter-et</strong></span> <span class='ocrx_word' id='word_1_353' title='bbox 1044 4632 1163 4682; x_wconf 82' lang='lat' dir='ltr'><strong>veriore.</strong></span> <span class='ocrx_word' id='word_1_354' title='bbox 1183 4631 1282 4695; x_wconf 81' lang='lat' dir='ltr'><strong>Ilaept.</strong></span> <span class='ocrx_word' id='word_1_355' title='bbox 1336 4628 1372 4663; x_wconf 64' lang='grc' dir='ltr'>Μ</span> <span class='ocrx_word' id='word_1_356' title='bbox 1391 4628 1470 4680; x_wconf 76' lang='lat' dir='ltr'><strong>attri-</strong></span> 
     </span>
     <span class='ocr_line' id='line_1_43' title="bbox 173 4712 949 4780; baseline 0.001 -17"><span class='ocrx_word' id='word_1_357' title='bbox 173 4713 244 4764; x_wconf 81' lang='lat' dir='ltr'><strong>buee</strong></span> <span class='ocrx_word' id='word_1_358' title='bbox 261 4717 287 4764; x_wconf 83' lang='lat'><strong>2.</strong></span> <span class='ocrx_word' id='word_1_359' title='bbox 340 4712 509 4765; x_wconf 74' lang='lat' dir='ltr'><strong>mDuritiae</strong></span> <span class='ocrx_word' id='word_1_360' title='bbox 527 4717 584 4764; x_wconf 72' lang='grc' dir='ltr'><strong>Η.</strong></span> <span class='ocrx_word' id='word_1_361' title='bbox 638 4715 672 4748; x_wconf 76' lang='lat'><strong>⁸⁷⁰</strong></span> <span class='ocrx_word' id='word_1_362' title='bbox 690 4715 762 4780; x_wconf 83' lang='lat' dir='ltr'><strong>stylo</strong></span> <span class='ocrx_word' id='word_1_363' title='bbox 781 4719 949 4766; x_wconf 63' lang='lat' dir='ltr'><strong>arctato.</strong></span> 
     </span>
    </p>
   </div>
   <div class='ocr_carea' id='block_1_4' title="bbox 0 0 1672 5408">
    <p class='ocr_par' dir='ltr' id='par_1_13' title="bbox 0 0 1672 5408">
     <span class='ocr_line' id='line_1_44' title="bbox 0 0 1672 5408; baseline 0 0"><span class='ocrx_word' id='word_1_364' title='bbox 0 0 1672 5408; x_wconf 95' lang='lat' dir='ltr'><strong> </strong></span> 
     </span>
    </p>
   </div>
  </div>
 </body>
</html>
