3294 5408
690 389 812 426 liventem
826 391 875 427 VIR
888 392 985 430 BONVS·

397 542 484 604 Plura
508 561 563 622 ego
585 545 706 623 perficio
728 545 825 607 verbis
847 550 1040 627 gravioraque
1062 548 1153 611 multo

346 662 370 703 eo
480 644 573 715 Quam
597 649 645 725 qui
669 646 793 708 terribili
816 653 946 710 concutit
968 668 1049 711 arma
1072 670 1170 712 manu.

396 747 420 805 e
442 746 530 809 Parte
552 746 605 809 alia
630 751 732 830 eapitis
754 751 916 812 radiantem
939 752 1044 813 molior
1067 771 1182 823 ensem,

478 850 601 911 lustiolae
623 853 770 931 specimen
793 855 1004 933 materiamque
1026 874 1114 916 meae:

394 951 482 1029 Siqua
505 955 602 1015 minus
624 954 720 1016 verbis
742 963 863 1034 potero,
887 958 912 1016 vi
936 957 1043 1034 longor
1065 965 1180 1036 aperta,

344 1071 380 1111 roo
476 1052 590 1133 Quique
612 1056 682 1115 nihil
705 1058 792 1118 iussis
814 1060 925 1138 paruit,
950 1077 1019 1118 cnse
1041 1058 1102 1124 luit.

322 1170 326 1177 ’
392 1155 466 1222 llum
489 1159 585 1233 gravis
608 1157 685 1218 illata
708 1168 753 1220 est
774 1162 865 1237 raptis
886 1161 989 1221 iniuria
1013 1145 1117 1231 rebus,

474 1257 539 1319 Non
562 1261 618 1319 nisi
640 1261 773 1321 consulto
795 1268 915 1341 pertore
938 1262 1012 1323 bella
1035 1280 1114 1340 gero.

390 1359 454 1420 Non
477 1359 583 1440 opibus
604 1380 710 1439 parco,
734 1382 818 1443 poena
841 1363 1005 1443 perfungor
1027 1365 1145 1433 eadem,

339 1480 375 1521 ror
471 1463 537 1524 Sive
559 1463 667 1526 babeat
689 1466 769 1527 dives
791 1468 932 1548 erinrina,⁴
954 1469 1014 1528 sive
1036 1469 1134 1527 miser.

390 1565 413 1622 ll
437 1561 528 1632 Quale
551 1564 594 1626 rel
618 1574 661 1627 est
684 1571 768 1648 cygni
790 1567 914 1638 collum,
939 1568 983 1630 vel
1006 1568 1092 1647 quale
1114 1567 1247 1637 colubri.

473 1667 523 1727 Fst
545 1668 630 1738 mibi,
654 1670 732 1749 quod
755 1673 861 1749 spaciis
883 1673 1003 1750 prolero
1027 1679 1130 1731 cuncta
1154 1675 1227 1733 sois:

388 1767 481 1828 'larda
506 1769 626 1849 loquor,
649 1773 785 1833 meditata
809 1776 906 1853 parilis,
930 1773 1002 1833 nilril
1026 1771 1119 1847 audeo
1144 1773 1254 1842 verbis,

307 1929 312 1943 ,
338 1887 373 1926 ros
469 1872 565 1941 Tune,
590 1873 638 1934 ubi
661 1874 825 1936 consultum
849 1882 893 1936 est
915 1875 1002 1936 edere
1025 1875 1130 1944 rerba,
1153 1874 1268 1954 loquor.

386 1975 486 2052 Siquid
510 1975 587 2054 apud
611 1995 734 2057 superos
757 1996 826 2047 oro,
849 1975 916 2038 licet
938 1968 1075 2037 omuibus
1096 1976 1166 2037 illud

469 2076 578 2138 Audire
600 2086 629 2139 et
651 2074 741 2140 clriris
764 2081 933 2157 exposuisse
958 2081 1035 2148 riro;

386 2178 446 2239 Neo
467 2180 616 2241 reticenda
640 2181 703 2242 deis
724 2181 835 2241 homini
858 2181 978 2262 loquor,
1002 2181 1130 2259 undique
1153 2200 1247 2242 verus<

336 2295 372 2335 1¹2
467 2281 502 2342 Et
524 2283 588 2344 sine
610 2283 768 2361 posthabiti
790 2285 954 2360 suspitione
974 2282 1041 2343 doli.

383 2383 408 2442 e
431 2383 535 2444 Pectus
558 2383 646 2446 habet
667 2385 767 2465 Libyci
789 2394 876 2463 caput
899 2395 928 2446 et
949 2393 1037 2444 torva·
1053 2403 1104 2472 ora
1127 2383 1237 2455 leonis,
1267 2369 1276 2388 ⁸

466 2486 498 2546 lu
520 2488 636 2565 quosvis
659 2506 742 2547 rastis
765 2487 849 2547 lortia
873 2488 960 2547 corda
983 2504 1070 2563 gero:

381 2587 445 2647 Non
468 2607 515 2648 me
539 2597 661 2650 versutae
683 2607 815 2669 praeceps
838 2589 958 2651 andacia
980 2588 1099 2667 lingna»,
1247 2665 1257 2694 ι

332 2707 368 2747 no
462 2690 526 2762 Non
550 2698 663 2752 terrent
684 2694 786 2769 quouis
808 2691 883 2752 bella
907 2692 1013 2751 minata
1037 2691 1134 2750 inodo.

380 2791 475 2853 Fortis
497 2793 525 2852 in
548 2794 677 2855 adversis
699 2797 830 2854 animoso
854 2793 961 2853 robore
984 2794 1105 2870 longor,

463 2894 500 2955 Ut
521 2895 612 2974 palere
634 2895 730 2957 stolidi
751 2903 819 2957 sunt
842 2895 913 2956 mibi
937 2892 1011 2956 bella
1035 2895 1097 2954 riri.

379 2995 485 3057 Pectus
506 2997 584 3058 idem
607 2998 750 3068 adversis,
775 2998 876 3058 eadem
899 2998 1040 3058 sententia
1064 2995 1181 3063 rebns‚=

325 3116 364 3156 iao
458 3098 528 3169 Qum
552 3102 689 3161 lortunati
710 3102 851 3179 temporis
874 3119 937 3160 esse
959 3098 1042 3158 solet.

377 3202 401 3260 e
424 3202 478 3262 Pes
500 3203 587 3272 mibi,
611 3201 705 3282 qualis
727 3209 789 3263 erat
811 3202 985 3281 quandoque
1008 3200 1232 3278 Erymanthidos
1255 3221 1346 3275 ursae,

457 3305 552 3376 Quam
575 3306 655 3366 dedit
676 3307 784 3365 Arctoo
808 3305 936 3383 luppiter
959 3303 1021 3380 ipse
1043 3301 1127 3381 polo:

376 3407 429 3466 l'es
451 3405 541 3476 latua,
565 3410 705 3489 quottiam
727 3411 818 3466 llrmae
841 3407 1004 3467 constantia
1029 3407 1134 3465 ruentis

324 3526 359 3565 aar
457 3508 580 3570 Debebit
601 3510 668 3569 iusti
690 3509 780 3570 rebus
802 3510 904 3569 adesse
927 3509 990 3567 viri.

372 3609 527 3691 Nunquam
550 3612 639 3672 animi
661 3610 771 3672 vultum
794 3617 891 3680 muto,
915 3611 970 3670 nisi
993 3618 1125 3687 tempora
1147 3616 1283 3687 poscant,

455 3711 616 3790 Tempore,
640 3731 700 3773 non
723 3713 825 3782 rebus,
849 3714 960 3774 sanctio
982 3721 1081 3771 nostra
1105 3712 1191 3772 eadit.

371 3814 453 3891 Saepe
476 3815 562 3875 minis
584 3822 696 3884 tentor,
720 3834 883 3895 inarreoque
905 3817 1043 3875 immotus
1066 3811 1102 3873 ab
1125 3811 1196 3884 illis,

320 3935 356 3975 ras
451 3918 498 3976 Sic
520 3917 630 3977 Boreas
653 3915 753 3976 validis
774 3917 893 3978 incubet
914 3915 1079 3977 arboribus.

368 4018 448 4079 Adde
471 4019 549 4098 qnod
572 4018 676 4079 oblatis
697 4018 799 4080 eadem
822 4037 893 4096 gero
915 4028 1034 4097 pectora
1058 4017 1155 4086 donis,

452 4118 522 4189 Quae
544 4127 641 4182 tamen
664 4122 694 4180 in
718 4119 802 4198 volgo
825 4138 901 4201 supe
924 4119 1020 4181 valere
1042 4118 1145 4179 solent.

367 4225 392 4284 e
415 4223 520 4284 [torua
544 4230 624 4284 tenet
647 4221 760 4284 clausos
781 4221 894 4284 loculos
917 4224 1088 4301 coriumque
1111 4223 1289 4282 revinctum·

316 4348 354 4387 roa
449 4323 513 4385 Non
537 4324 634 4386 tribuo
657 4326 713 4384 nisi
736 4326 813 4403 qnod
838 4325 938 4403 lasque
962 4325 1110 4403 decusque
1132 4323 1251 4392 iubeut;

230 4495 252 4529 2⁸
266 4496 394 4546 concedit
407 4498 430 4544 1.
466 4494 488 4527 ’Β
500 4495 652 4545 Iustitioe2.
665 4512 721 4561 sqq.
758 4492 1137 4560 specicmerld.oel.eamear.
1176 4493 1208 4527 ¹⁰⁰
1220 4494 1298 4556 Cuiq;
1311 4497 1333 4543 1.
1346 4496 1449 4545 sedon-

163 4584 233 4647 tique
249 4597 335 4630 amatr
353 4581 469 4642 eoer.
518 4579 550 4613 ¹⁰³
562 4593 623 4644 petto
636 4584 658 4629 1.
710 4579 741 4612 ¹⁰⁶
759 4581 924 4646 spatiis6.7.
974 4578 1005 4612 ¹⁰⁸
1025 4580 1113 4629 aedero
1127 4583 1151 4628 2.
1161 4583 1187 4629 3.
1242 4578 1273 4610 ¹¹²
1291 4579 1448 4642 suspicione

162 4669 256 4732 2.rqq.
293 4663 325 4698 ¹¹³
342 4666 434 4716 Libiei
449 4669 470 4717 1.
501 4665 708 4730 Lybieiaaqq.
745 4665 844 4729 Libyci
858 4668 913 4713 6.7.
951 4663 983 4695 ¹¹⁵
1001 4680 1117 4729 preceps
1136 4664 1249 4714 errdutia
1263 4667 1286 4712 1.
1326 4661 1447 4713 ¹¹¹0vid.

161 4750 245 4801 Trist.
259 4750 281 4799 1.
295 4751 319 4813 4,
336 4759 353 4799 t.
399 4749 620 4815 ¹²¹Iupiter0.7.
668 4749 699 4782 ¹²²
717 4752 787 4815 tlepe
804 4753 825 4799 1.
870 4748 1103 4798 ”tiacebatnn
1149 4747 1183 4782 ¹³⁰
1200 4749 1259 4809 Qire
1274 4752 1297 4798 1.
1346 4746 1447 4813 lepot.
