3294 5408
444 400 566 436 HVT'I'ENI
581 401 608 433 lu
623 399 738 433 uossms
752 397 939 440 QVBRELARW
954 398 1036 430 LIBER
1051 397 1162 431 Puruvs.

364 557 487 634 Quoque
511 556 605 615 ruirurs
629 553 753 627 ualeam,
778 553 864 614 uuilis
887 553 933 613 hio
956 554 1063 630 fungor
1086 555 1187 613 amieis

313 682 337 720 aa
449 659 504 727 ttui
527 666 646 734 possem
668 657 756 716 tantis
778 675 825 716 me
849 655 979 716 relevare
1002 655 1099 722 maiis;

364 763 400 822 Et
423 762 515 840 patria
540 776 626 818 careo
650 759 829 837 uiuiiumque
851 760 885 818 iis
908 757 1032 817 urbibus
1054 757 1174 826 absum,

448 860 526 931 Quas
548 860 643 920 boreus
665 854 806 939 implicito
829 860 950 921 tiumiue
973 859 1086 921 Munus
1109 859 1178 920 adit.

366 965 500 1044 Undique
523 963 639 1023 tristitia
662 970 720 1031 est,
745 981 780 1022 er
803 964 882 1023 omni
905 964 1038 1040 augustia
1062 969 1161 1040 parte,

312 1089 338 1129 ae
446 1067 683 1143 circumquaque
706 1064 813 1144 aliquid
837 1084 883 1125 mo
907 1066 974 1125 iacit
996 1081 1059 1124 esse
1081 1082 1209 1141 gravem.

363 1171 433 1231 liaeo
456 1177 552 1228 tamon
576 1174 608 1226 ut
629 1168 738 1246 patiar:
762 1175 879 1245 superet
902 1165 1024 1244 longum
1047 1168 1144 1226 omuia
1167 1175 1299 1245 tempus:

452 1269 515 1330 Non
539 1267 650 1329 tantum
673 1267 778 1329 morbo
802 1270 1001 1348 puerperioquo
1024 1286 1159 1346 premor:

366 1374 415 1434 Bis
437 1373 499 1432 iera
523 1371 745 1449 rossit'hiems,
764 1372 848 1430 toties
871 1377 969 1432 aestate
991 1377 1124 1449 peraeta.
1266 1394 1272 1423 ι

313 1498 338 1538 aa
448 1474 484 1533 Et
507 1472 639 1533 valetudo
661 1481 760 1533 manet
781 1491 845 1552 quae
867 1474 1008 1547 irritante
1030 1472 1116 1541 mihi,

365 1578 426 1638 Nec
449 1575 540 1636 larius
562 1577 673 1654 patior,
698 1575 820 1635 morbus
842 1594 960 1654 quoque
984 1581 1117 1654 tempore
1140 1576 1247 1635 erescit

452 1677 599 1755 Femiaquo
621 1677 782 1737 crescendo
806 1684 850 1739 est
871 1677 981 1738 viribus
1003 1683 1089 1738 auota
1111 1676 1188 1736 lues:

367 1783 415 1843 Sic
439 1799 508 1858 vaga
532 1780 678 1839 coutinuis
700 1785 845 1857 augentur
868 1778 986 1841 iiumioa
1010 1781 1093 1848 rivis,

317 1904 343 1945 ae
451 1884 499 1942 Sic
521 1899 612 1959 rogus
634 1883 759 1958 insurgit
781 1883 833 1959 qui
856 1881 944 1941 modo
967 1899 1075 1960 parvus
1098 1887 1175 1939 erat:

367 1986 431 2047 Non
447 1965 554 2063 querar
570 1985 622 2043 ista
638 1990 751 2052 tamen,
768 2000 864 2060 ueque
880 1985 958 2044 euim
974 2002 1039 2062 quaa
1055 1985 1133 2043 terro
1149 2000 1271 2043 neeesse
1287 1991 1332 2043 est

451 2087 520 2146 liaeo
543 2085 694 2162 indignato
716 2092 838 2164 pectore
862 2084 940 2145 ierre
963 2083 1044 2145 lieet:

368 2191 424 2250 Sed
448 2195 543 2249 moret
565 2189 594 2246 iu
618 2187 703 2248 nohis
726 2187 920 2248 miserandam
944 2187 1063 2248 Lossius
1086 2190 1174 2255 iram,
1336 2185 1452 2264 mm·

316 2312 341 2352 ro
452 2291 510 2351 uiis
533 2295 634 2349 notum
658 2296 702 2350 est
724 2288 809 2349 liceat
831 2309 919 2368 quam
942 2289 1013 2349 mihi
1035 2291 1099 2350 iure
1122 2290 1221 2368 queri3

366 2392 433 2462 ute,
457 2390 556 2452 febres
577 2398 700 2471 praeter,
726 2389 841 2450 mortali
864 2391 983 2451 vulnere
1005 2409 1124 2469 presso,

452 2494 591 2554 Aecinoto
614 2492 723 2569 longae,
748 2493 834 2553 Sorte
856 2492 990 2562 iubente,
1014 2495 1081 2563 viae,

369 2597 539 2665 luiaudum,
562 2595 669 2655 misero
693 2595 806 2655 ioturas
829 2607 955 2673 corpore
977 2604 1072 2656 restes

318 2719 343 2758 ar
453 2697 602 2773 Abstrahit
624 2705 666 2764 et,
691 2697 828 2758 morbum
852 2697 930 2776 quod
953 2705 1069 2776 gravet,
1093 2699 1173 2759 addit
1195 2717 1277 2759 onus.

371 2801 455 2862 Nulla
479 2801 540 2860 viro
563 2799 670 2878 pietas,
695 2817 791 2877 neque
815 2801 1072 2889 euimmiseratur
1094 2808 1229 2870 euntem,

455 2902 492 2963 Ut
515 2902 628 2967 decuit.
653 2900 774 2979 longum
795 2920 851 2980 per
874 2919 962 2979 grave
986 2902 1078 2979 frigus
1101 2904 1164 2962 iter.

371 3005 430 3074 itii,
454 3011 557 3064 notum
581 3011 625 3064 est
646 3003 743 3071 robis,
768 3011 909 3082 quantum
932 3005 987 3065 isto
1010 3022 1044 3062 ex
1069 3011 1202 3084 tenapore
1225 3009 1317 3084 pestis

317 3127 344 3166 re
449 3107 539 3167 Aucta
562 3106 599 3166 sit
621 3107 651 3166 in
673 3105 759 3165 nobis
781 3124 845 3183 quae
869 3106 921 3166 iuit
943 3115 1011 3167 ante
1034 3099 1145 3175 minem

370 3210 469 3288 ipsum
492 3209 579 3268 etiam
604 3207 707 3268 ruluus
730 3210 864 3286 concepti
888 3208 1007 3285 trigoris
1030 3209 1107 3269 iutus

453 3310 581 3371 intendit
603 3312 666 3371 ritae
689 3318 824 3390 prorupta
847 3310 960 3390 periela
984 3330 1072 3380 utram

370 3415 426 3486 Qui
449 3413 523 3473 iacui
546 3412 653 3476 durum
678 3413 840 3473 vehementi
864 3413 974 3491 frigore
996 3433 1121 3493 eorpus,

319 3536 344 3576 sa
453 3516 623 3576 Semineces
645 3515 750 3575 morbo
774 3517 959 3576 concutiente
982 3534 1100 3585 manue,

372 3616 486 3695 Quique
509 3617 682 3696 peregrinos
705 3619 734 3677 iu
753 3637 883 3678 ,concava
908 3616 1027 3679 ruinera
1051 3596 1138 3680 flotus

454 3719 615 3784 Commod,
629 3726 672 3778 'ut
695 3721 771 3779 raria
794 3740 859 3781 sum
882 3728 1036 3782 revocatus
1059 3740 1129 3800 θρα

288 3803 293 3809 ’
371 3821 464 3892 Quem
488 3838 545 3879 nou
569 3822 774 3898 permoreamt
797 3823 843 3882 oui
867 3839 925 3880 uou
949 3823 1124 3882 miserabilis
1146 3824 1260 3884 essem?

322 3944 347 3983 ee
453 3921 511 3983 ties
534 3923 611 3981 iuret
633 3921 695 3981 haee
717 3922 798 3982 duris
822 3922 1041 3985 iilaohrimauda
1066 3925 1152 3993 ieris;

371 4023 455 4084 Turno
477 4023 609 4085 l'iraiaris
632 4025 726 4102 potuit
748 4027 844 4104 posito
867 4024 979 4087 uei-isse
1003 4027 1141 4095 iuvenco,

425 4182 428 4187 .
457 4126 568 4187 Busiris
591 4134 726 4187 incestum
749 4129 964 4207 congemuisset
987 4146 1075 4207 opus,
1116 4182 1120 4189 .

372 4229 455 4289 Tuuo
478 4231 558 4288 ierus
582 4227 777 4307 Eurystheus,
801 4238 871 4292 tunc
893 4229 1037 4290 Thracius
1059 4249 1111 4291 oro
1133 4239 1276 4309 tyrannos

320 4354 345 4389 m
453 4331 598 4391 [tuissent
621 4334 724 4412 uternis
746 4341 791 4394 est
811 4335 908 4394 minor
931 4332 979 4394 iiie
1002 4332 1087 4401 sois’;

236 4503 258 4534 ²⁶
276 4503 376 4567 eillutus
389 4506 412 4552 1.
448 4499 468 4531 ³¹
489 4501 560 4562 tituta
573 4503 596 4550 1.
632 4501 656 4534 37
673 4518 718 4569 qut
733 4508 754 4556 1,
802 4503 886 4567 ”det
900 4507 921 4554 1.
969 4502 991 4535 ³⁰
1011 4503 1267 4554 miserandumm.
1315 4503 1337 4534 ⁴²
1357 4508 1462 4569 tenuat.

170 4585 291 4652 ⁴⁸qutl.
342 4586 526 4653 ”promtoz
573 4585 595 4619 ⁶⁴
613 4587 666 4654 [unt
681 4593 705 4639 1.
753 4587 909 4654 reuocatus]
930 4591 966 4639 oi.
981 4589 1062 4654 Verg.
1077 4589 1144 4639 Aen.
1159 4589 1190 4637 V.
1203 4588 1262 4639 aad.
1311 4589 1333 4620 ⁵⁵
1353 4590 1465 4653 illacry-

171 4672 350 4722 moudam..
384 4670 405 4703 ⁵⁷
418 4673 454 4722 of.
469 4672 570 4738 dialog.
585 4672 782 4735 Phalarimne.
825 4673 1020 4740 ⁵⁸Curiitirua:
1042 4677 1065 4724 1.
1107 4670 1228 4738 &brutius
1242 4677 1265 4724 1.
1310 4675 1463 4727 tironuuat.

113 4760 117 4771 '
172 4759 189 4809 i.
200 4772 224 4806 e.
242 4756 343 4808 Tereus.
