3294 5408
141 422 259 457 lineum
272 421 308 457 D!
321 421 412 457 BBLLO
426 421 501 458 SVBC.
512 422 576 457 ΔΝ.
587 421 686 457 VBNBT.
697 423 731 456 ΕΤ
745 421 851 458 evacis
866 421 968 457 otin'slo
984 420 1114 455 tinxnsst..
1125 420 1188 455 RVG.
1200 419 1293 456 DICTA.
1330 388 1404 465 179

107 587 186 646 sunt,
212 595 267 634 non
291 586 380 633 tamen
405 580 473 633 deus
492 584 575 633 tantia
592 577 757 648 proditionis
779 576 853 631 ieltor
873 575 1048 632 oblitteravit.-
1077 579 1192 650 sanquis
1213 579 1321 635 illorum
1343 581 1401 634 ela-

108 671 167 720 mat
186 678 273 736 super
292 679 340 719 nos
359 672 385 718 et
405 679 492 735 saper
508 664 581 734 filios
602 667 705 717 nestros
725 667 791 716 ante
813 663 907 734 mapni
931 659 976 715 dei
999 660 1128 718 tribunat.
1172 677 1233 732 ros,
1258 679 1320 732 aas,
1348 680 1404 720 nan

112 748 226 817 Tarcee,
248 749 324 804 illum
341 763 470 804 cruorem
492 747 644 818 effudistis.-
665 752 770 818 tempas
788 748 841 800 erit
855 763 908 818 quo
929 759 977 801 aas
999 742 1218 814 illorum‘coedes
1239 745 1332 820 (atque
1352 751 1406 804 uti-

110 850 176 890 nam
195 848 252 889 uon
269 849 331 889 cam
350 834 449 891 nestris
480 830 609 903 Venetiis)
638 838 726 887 nestro
751 832 886 901 sanquine
912 830 1077 902 rependetis.
1121 850 1187 888 nam
1213 834 1281 905 quid
1303 849 1352 906 epo
1375 834 1407 888 in

75 923 184 975 ianm
203 918 333 991 facinore
354 919 514 990 deplorem?
536 918 598 990 qun
618 932 673 970 non
693 918 768 971 omni
786 916 861 982 odio,
884 917 958 970 omni
973 931 1075 987 pana,
1097 919 1173 972 omni
1193 919 1327 990 supplicio
1353 917 1406 975 Ve-

110 1010 186 1061 naas
204 1003 299 1076 dipnos
311 1006 444 1074 putaret?
469 1001 525 1056 Hic
545 1018 601 1056 non
624 1016 666 1054 me
687 1001 753 1055 rtrdi
768 1008 817 1055 aut
835 1001 954 1071 simplici
971 1007 1123 1056 narratore
1150 1017 1221 1074 opus
1247 1010 1331 1071 esset,
1358 1001 1409 1057 sed

110 1087 180 1161 sorti
192 1088 284 1160 aliquo
299 1095 381 1160 atque
397 1087 547 1144 aebementi
561 1091 674 1141 oratore
690 1094 738 1140 aut
751 1088 813 1139 acri
821 1085 1011 1155 praedicatore
1026 1099 1064 1139 ex
1084 1084 1128 1140 bis
1149 1087 1197 1158 qai
1211 1089 1292 1159 pleni
1306 1088 1406 1159 spiritu

112 1179 207 1229 sancto
226 1172 266 1227 ad
284 1174 421 1245 populum
443 1173 604 1227 concionari
623 1172 723 1225 solent:
750 1176 871 1241 quantas
898 1168 1074 1242 tacbrymas,
1107 1179 1240 1243 quantam
1267 1173 1474 1238 insidiamini.
1499 1221 1505 1231 ,

113 1264 232 1331 quantas
250 1257 450 1330 indipnationes
474 1259 610 1312 excitaret
632 1255 777 1327 superbia,
801 1257 939 1326 potentia,
968 1257 1158 1326 corruptelloe,
1187 1249 1350 1335 imi?
1360 1258 1408 1286 ‘'¹‘'

81 1342 209 1414 issara,
234 1345 359 1414 rapina,
387 1345 604 1414 oppressiones,¹
626 1341 788 1412 sacrilepia,
817 1340 1002 1411 proditiones,
1030 1341 1224 1410 immanitates,
1258 1345 1409 1414 impietates

120 1425 298 1495 Venetorum,
317 1429 365 1499 qai
385 1429 440 1481 iam
462 1429 500 1483 ita
517 1425 694 1482 indomabiles
712 1426 785 1498 [aab
802 1431 880 1492 sunt,
899 1429 929 1480 ut
947 1441 1010 1480 cum
1034 1432 1164 1496 quattuor
1186 1427 1408 1484 emodenorum

108 1513 302 1585 patentissimis
318 1513 492 1584 principibus
507 1512 541 1566 de
560 1526 668 1566 summa
689 1524 784 1565 rerum
805 1510 950 1564 decertare
967 1509 1097 1577 audeant,
1119 1517 1145 1565 et
1165 1525 1200 1567 ne
1220 1513 1283 1568 victi
1299 1511 1408 1586 quidem

113 1599 254 1669 quiescm
269 1599 393 1668 possint3
420 1599 469 1668 qui
490 1596 655 1668 expilando,
679 1595 873 1663 subornando,
901 1594 1077 1650 corradendo
1096 1611 1226 1668 mapnam
1247 1612 1286 1652 ese
1307 1598 1407 1652 subto

115 1698 177 1737 runs
199 1681 311 1737 urbibus
331 1683 476 1752 imperium
498 1682 549 1735 sibi
573 1681 743 1751 conflarem,-
770 1683 818 1752 qui
843 1694 922 1735 omne
944 1696 1061 1748 acaum,
1091 1689 1251 1753 arpentum,
1274 1695 1407 1754 penninas,

84 1772 198 1834 ¹⁵rasa,
219 1769 314 1839 sobna,
338 1766 460 1832 tabulas,
480 1766 596 1838 denique
615 1765 744 1836 quicquid
759 1763 882 1836 palclrri,
904 1765 1034 1836 quiequid
1047 1767 1172 1837 preciosi
1190 1768 1220 1821 in
1241 1772 1294 1822 toto
1315 1772 1408 1822 terra-

113 1867 175 1907 ram
203 1853 270 1929 orbe
297 1853 418 1922 reperiri
438 1853 543 1922 potuit,
571 1850 601 1904 id
619 1856 701 1904 tolum
726 1851 805 1904 malis
830 1849 937 1903 artibus
966 1848 1092 1905 Venetiae
1118 1857 1363 1925 comportaverunt
1384 1858 1410 1905 et

113 1945 324 2008 consenseram
343 1939 393 2009 qai
412 1950 491 1990 mare
513 1951 548 1991 ac
566 1943 659 1990 terras
680 1935 907 2001 intercludentes,
936 1941 1105 1991 mercatores
1127 1951 1191 1991 cum
1212 1936 1348 1992 mercibus
1366 1936 1409 1991 in·

113 2022 300 2093 serapionas,
329 2021 487 2111 naoprcbos
515 2037 578 2077 cum
607 2020 720 2074 navibus
745 2020 945 2091 demeremus,
977 2021 1153 2089 venenanda,
1185 2021 1329 2090 meando,
1356 2034 1407 2077 ex·

113 2105 266 2161 mamardo
297 2108 389 2161 omnia
420 2121 537 2172 cruore,
571 2108 662 2161 omerio
690 2104 841 2176 lachrymis
872 2110 898 2159 et
926 2104 1074 2176 funeribus
1101 2107 1287 2178 compleveras
1318 2107 1409 2161 omnia

80 2190 225 2262 ioyabetlis
252 2197 279 2245 et
300 2190 389 2245 daciis
412 2198 437 2246 et
455 2192 588 2263 portoriis
606 2191 753 2261 tyrannica
771 2192 900 2244 servitute
918 2187 1078 2260 sadaoere,·
1100 2198 1294 2248 sacrosanctos
1311 2204 1409 2246 sacer

113 2275 188 2331 dotes
225 2275 391 2347 torquendo,
426 2275 497 2330 bona
529 2276 650 2329 eccesia
686 2282 849 2329 consecrata
871 2274 1097 2346 prophananda,
1132 2291 1268 2333 summum
1299 2274 1409 2348 panifi-

113 2374 172 2415 cem
190 2360 386 2416 contemnendo
405 2376 459 2432 pcr
481 2361 597 2415 vulnera
619 2366 714 2414 nostra
733 2367 759 2413 et
770 2374 827 2430 por
848 2359 989 2414 commoda
1009 2374 1103 2415 eorum
1119 2363 1242 2434 propria
1265 2374 1319 2416 sua
1342 2359 1403 2414 reti-

111 2447 217 2517 aionern
246 2445 432 2502 Christianam
458 2445 498 2499 ad
520 2445 574 2499 bas
601 2446 719 2515 nmmos
738 2444 862 2516 Europae
887 2446 1030 2516 aripuslias
1056 2461 1091 2500 ac
1115 2446 1237 2502 latebras
1261 2445 1409 2501 deductam

109 2544 184 2602 pene
204 2529 410 2597 subverterunt,
432 2536 463 2584 ut
480 2546 543 2584 cum
565 2529 721 2584 Turcarum
736 2528 813 2601 Repe
834 2531 913 2583 tacite
932 2532 1108 2601 conspirasse
1128 2537 1155 2586 et
1173 2532 1271 2602 partiti
1289 2544 1350 2586 esse
1369 2530 1408 2585 ri·

82 2615 251 2681 niteantar,
280 2621 310 2670 ut
326 2617 428 2670 scilicet
449 2616 493 2669 itte
512 2616 652 2681 orientali,
680 2616 735 2685 ipsi
754 2614 916 2668 occidentali
936 2615 1053 2685 imperia
1074 2618 1194 2671 conanti
1212 2618 1283 2677 sint:
1307 2614 1411 2670 inimici

114 2700 270 2767 nobilitatis,
299 2705 498 2771 contemptores
514 2701 692 2771 principum,
713 2699 883 2770 dirreptores
901 2714 936 2753 ac
957 2699 1123 2780 incendiarii
1142 2701 1259 2769 urbium,
1277 2701 1408 2772 spoliata-

113 2799 161 2840 res
175 2786 404 2855 prouinciarum,
429 2783 518 2839 bostes
539 2800 702 2852 sacrorum,
720 2784 927 2854 depeculatores
949 2784 1109 2854 reipublicae
1127 2784 1308 2854 Obristianoe,
1334 2783 1409 2840 labes

113 2875 140 2923 et
156 2871 296 2940 pernicies
314 2869 430 2924 burnani
441 2871 560 2941 pencris.
598 2867 705 2923 Siccine
722 2869 852 2935 dormitis,
875 2886 891 2924 o
907 2867 1040 2924 Gerasam
1044 2877 1054 2925 i
1073 2877 1217 2943 expectate
1231 2875 1477 2943 parumper:t.ts.

114 2970 179 3009 nana
201 2953 265 3009 min
288 2969 335 3009 oos
354 2956 594 3010 consultationibus
611 2956 729 3021 uocatis,
750 2948 789 3008 illi
809 2955 950 3009 nocturnis
971 2955 1055 3010 scalis
1081 2954 1218 3011 Veronam
1242 2954 1407 3028 apprediun·

83 3045 171 3109 titur.
222 3038 277 3094 Vos
298 3041 386 3094 armis
406 3040 500 3110 inclyti
516 3054 564 3094 eas
584 3040 745 3110 ipaominios
767 3047 867 3093 contra
889 3053 992 3094 morem
1011 3041 1147 3095 maiorum
1166 3047 1319 3097 uestrarum
1341 3038 1403 3095 nte·

114 3125 197 3193 ratis,
221 3138 292 3197 quas
314 3126 363 3181 aix
387 3126 479 3195 ipnaoi
496 3140 530 3178 ac
553 3124 726 3191 umbratiles,
753 3126 800 3178 aia
824 3124 1009 3192 mulierculis,
1033 3125 1139 3181 medirss
1159 3125 1258 3196 fidinis,
1287 3126 1408 3180 tolerare

109 3215 232 3279 miseni.
275 3208 311 3264 ob
340 3209 365 3263 si
392 3224 466 3264 nune
491 3211 610 3265 m'oerent
633 3210 672 3262 illi
693 3208 795 3264 Cimbri
816 3223 852 3263 ac
877 3207 1028 3264 Tbeutoaes
1048 3211 1098 3282 qui
1126 3208 1352 3268 castallaria
1373 3207 1408 3262 de

113 3294 227 3366 imperia
250 3291 324 3349 orbis
346 3293 556 3359 dimicaverant,
590 3300 616 3348 et
642 3294 682 3347 illi
706 3296 753 3365 qni
781 3308 842 3347 cum
872 3292 899 3349 C.
924 3292 995 3349 lulio
1019 3294 1144 3362 Caescire,
1174 3286 1408 3372 iwdssm

117 3376 248 3447 Traiano,
271 3379 419 3446 Antonino,
442 3379 555 3444 aaran,
577 3376 694 3446 Severo,
718 3378 872 3435 Constantio
890 3385 916 3433 et
936 3394 996 3433 carn
1018 3381 1081 3434 aliis
1100 3381 1231 3451 pluribus
1257 3382 1408 3451 imperata·

84 3459 193 3519 nribus
216 3469 253 3520 tot
278 3461 347 3518 bella
371 3469 532 3536 pesserant,
563 3470 589 3517 et
611 3465 661 3535 aad
687 3461 841 3530 Quintilium
872 3462 974 3518 Varum
997 3463 1155 3520 Romanum
1180 3466 1319 3521 consulem
1344 3478 1408 3518 cum

114 3553 149 3603 tat
167 3548 316 3619 lapionibus
335 3548 558 3615 mucidam-ann
581 3555 606 3602 et
623 3548 661 3602 illi
676 3551 724 3619 qai
738 3549 914 3602 Britanniam
933 3549 1088 3619 ‘Anytiarn’,
1105 3556 1219 3621 partem
1232 3547 1290 3604 Hi-
1314 3543 1407 3623 {tutto

113 3635 220 3704 spaniae
245 3631 472 3700 ‘Vandalieiam’,
495 3641 607 3705 partem
627 3631 719 3687 Italiae
742 3632 981 3703 ‘Lorspobardiam'
1010 3651 1028 3687 a
1052 3649 1083 3689 se
1109 3635 1220 3691 devictis
1267 3626 1406 3714 mm

112 3719 233 3788 pentibus
256 3718 290 3772 de
313 3719 371 3774 sais
390 3719 541 3773 nominibus
562 3725 772 3790 nuncupavere!
805 3717 857 3772 ilbi
880 3734 955 3772 nanc
977 3724 1043 3774 sunt
1067 3720 1108 3775 illi
1128 3718 1243 3792 lln'pites
1269 3726 1296 3773 et
1314 3720 1475 3776 rnen-nn.

115 3804 182 3858 cleri
188 3845 196 3870 ,
218 3804 260 3858 illi
278 3802 361 3858 Saevi
367 3846 374 3870 ,
394 3805 435 3858 illi
455 3801 599 3870 Saxones,
627 3811 653 3858 et
674 3802 887 3871 Marcomanni,
917 3801 1022 3870 Quadi,
1055 3805 1138 3871 Cotti,
1167 3803 1318 3873 Sicambri,
1346 3803 1404 3859 He-

87 3888 184 3955 ttruli,
217 3886 350 3953 Vandali,
378 3889 451 3954 Gali,
478 3904 595 3960 qaorum
618 3889 714 3942 milites
736 3888 799 3942 boni
815 3888 898 3943 daces
920 3897 1002 3944 erant
1022 3894 1048 3942 et
1069 3889 1152 3945 daces
1169 3891 1225 3961 ipsi
1245 3889 1339 3961 maarai
1356 3888 1405 3945 be·

115 3975 193 4029 roes?
222 3980 248 4028 et
275 3974 315 4027 illi
334 3975 382 4043 qai
408 3990 471 4028 cum
498 3973 642 4037 Hernicis,
675 3972 827 4039 ottonibus,
857 3974 1004 4041 Corradis,
1030 3974 1173 4029 Fodericis
1195 3973 1407 4045 imperatoribus

115 4059 170 4111 suis
192 4059 393 4115 satiatissimam
414 4057 666 4128 Hierosolymorum
692 4065 797 4112 terram
822 4073 937 4113 snorum
960 4074 1110 4129 carporum
1137 4061 1305 4130 oppositione
1331 4059 1407 4113 toties

115 4141 308 4213 defensarunt,
331 4159 448 4214 quoram
470 4143 595 4214 troplaca
612 4142 797 4199 memorabilia
819 4142 911 4198 adbuc
928 4144 1055 4213 pandere
1071 4146 1244 4199 cernantur?
1281 4140 1335 4198 Vas
1356 4142 1406 4213 ipi-

116 4232 172 4293 tar,
201 4228 250 4301 qai
269 4228 333 4281 estis
355 4243 448 4283 eoram
471 4228 617 4283 indubitati
640 4230 703 4297 filii,
731 4228 876 4284 indubitati
899 4242 1075 4283 successores
1098 4229 1221 4294 m'rtatis,
1248 4227 1362 4282 bonoria
1382 4231 1409 4280 et

87 4313 222 4382 betorica,
248 4313 332 4366 uelitis
353 4316 432 4367 etiam
456 4327 515 4368 esse
537 4316 596 4368 veri
612 4316 760 4367 imitatores
783 4316 810 4368 in
832 4313 998 4368 exercendis
1019 4315 1072 4367 iliis
1094 4311 1279 4368 boereditariis
1301 4311 1406 4367 obtab-

116 4395 178 4464 bus,
197 4413 268 4468 quas
288 4398 346 4453 scio
365 4400 393 4453 in
413 4399 484 4454 uobis
504 4412 664 4471 essequam
684 4400 823 4454 maximas
842 4406 868 4453 et
889 4415 973 4469 quarn
989 4399 1137 4469 plurimas.

119 4503 317 4514 ———--—..-

129 4540 131 4544 ’
180 4546 210 4581 ¹·¹
228 4546 273 4598 Ci.
286 4547 386 4598 Matth.
401 4563 500 4613 evang.
513 4548 597 4597 XXV.
611 4548 653 4596 27.
705 4545 937 4611 'corruptelssz
985 4544 1004 4578 ¹¹
1025 4541 1324 4611 quattuorJCameraei
1340 4557 1406 4593 eoa·

117 4631 268 4684 ioedaratia.
327 4631 347 4664 ¹⁸
366 4629 426 4699 psit:
442 4637 464 4682 1.
484 4636 645 4697 possuntt.
706 4629 728 4662 ²⁹
747 4633 788 4681 De
807 4632 859 4681 hoo
879 4630 1024 4680 Benedicti
1043 4630 1188 4694 Peregrini
1206 4633 1405 4693 stratagemate

118 4717 217 4769 imatra
240 4723 449 4782 temptatonon.
464 4715 728 4782 Apnn.1510.vide
743 4717 836 4765 liemb.
851 4717 899 4764 lib.
915 4714 952 4766 10.
1000 4713 1230 4767 “Antoniam
1276 4711 1406 4764 ³⁸·'ten·

117 4793 232 4853 chaiani:
255 4807 277 4851 t.
330 4802 418 4852 siusili
438 4805 461 4852 t.

1135 4865 1197 4928 12*
