3294 5408
848 1159 1008 1217 aristote

679 1258 863 1321 VllELONlS
886 1259 1024 1321 Cl'lllllll
1048 1259 1178 1320 CVSle

910 1362 954 1405 DE

628 1445 836 1497 EXVSTIONE
854 1445 1046 1497 LIBRORVM
1064 1445 1228 1498 LVTHERI

905 1536 946 1576 ET

460 1617 720 1669 MONACHORVM
738 1615 980 1667 DOMINIOANAE
998 1615 1193 1668 secutorem
1211 1617 1400 1680 NEQVITIA

589 1704 638 1753 ΑΙ)
659 1702 861 1754 GERMANIAE
879 1699 1070 1752 Phocenses
1088 1702 1136 1751 ET
1155 1700 1272 1753 CIVES.

227 1835 271 1885 tt.
367 1827 546 1884 llominicenan
562 1827 688 1884 factionis
703 1825 846 1888 Plrarismi,
870 1824 968 1899 vulgus
989 1825 1214 1900 superciliosum,
1237 1827 1290 1883 iam
1314 1825 1385 1885 olim
1409 1830 1514 1888 ludaeo
1531 1830 1604 1888 male

282 1912 382 1978 tincto,
407 1912 452 1986 qui
474 1930 535 1968 eum
559 1913 652 1986 pipere
677 1921 750 1968 trans
773 1911 952 1972 inaraverat,
976 1910 1055 1966 bonis
1078 1910 1166 1966 literis
1189 1911 1362 1986 eruditisque
1387 1915 1531 1973 omnibus
1554 1934 1603 1973 ne·

282 1997 392 2073 gocium
420 1998 607 2055 instituerunt.
652 1997 816 2072 Capnioncnr
839 1996 944 2051 nostis?
972 1995 1113 2053 modestiae
1142 2013 1172 2052 ae
1194 1995 1345 2054 literaturae
1376 2016 1437 2056 non
1469 2002 1633 2075 vulgariam

282 2091 385 2157 typum.
408 2082 489 2139 lidem
512 2099 583 2139 nunc
606 2100 715 2157 quoqne
738 2099 793 2138 suae
816 2081 909 2138 larinm
934 2079 1129 2154 theologastrrs
1153 2081 1179 2137 in
1202 2090 1308 2156 partem
1328 2084 1442 2140 vocatis
1460 2084 1601 2144 Christia-

281 2185 343 2223 nam
372 2166 598 2241 tranquillitatem
627 2168 732 2242 aliquot
755 2167 833 2222 annis
860 2166 937 2221 miris
960 2166 1121 2240 imposturis
1146 2175 1275 2223 tentatam
1298 2176 1360 2225 toto
1383 2180 1522 2228 evertere
1547 2190 1597 2230 au·

284 2252 376 2308 dacter
404 2253 611 2326 ingrediuntur,
655 2262 686 2309 ut
720 2252 816 2309 ‹tivina
852 2251 974 2307 veritatis
1007 2249 1107 2307 lumine
1141 2252 1260 2309 extincto
1294 2252 1440 2311 fraudium
1478 2274 1599 2315 suarum

283 2338 478 2394 crassissimam
502 2346 610 2394 noctem
638 2337 738 2393 mando
763 2335 897 2392 olnlucere
929 2345 956 2392 et
978 2337 1086 2393 humani
1109 2337 1254 2394 commenti
1283 2338 1463 2413 tyrannidem
1488 2342 1599 2400 substi-

226 2429 271 2479 §.a
282 2429 359 2478 tuere
374 2422 490 2498 possint.
519 2422 598 2478 Venit
614 2423 676 2479 huie
698 2422 813 2496 negocio
829 2421 896 2476 satis
912 2422 1131 2478 accommodatus
1144 2420 1291 2486 Aloander,
1314 2430 1342 2478 et
1365 2423 1442 2480 idem
1468 2427 1595 2498 Iudaeus,
1607 2437 1629 2477 ¹⁵

283 2507 404 2564 Romano
427 2515 487 2564 astu
511 2507 611 2564 nebulo
636 2507 769 2581 insignis,
803 2507 846 2562 cui
877 2507 967 2562 omnia
990 2505 1137 2563 venundari
1166 2524 1225 2580 quae
1248 2507 1364 2565 mundus
1393 2507 1446 2567 hic
1471 2531 1598 2589 qumque

283 2590 381 2649 eoelum
419 2591 502 2649 habet
535 2601 659 2667 potestas
689 2600 746 2654 est,
783 2592 873 2647 omnia
901 2591 1010 2665 quidem
1039 2608 1120 2666 apuam
1149 2592 1288 2649 veritatem
1317 2591 1453 2668 amplecti
1484 2607 1597 2673 potest.

282 2677 350 2733 nihil
379 2685 421 2733 est
451 2677 524 2750 quod
552 2695 607 2734 non
636 2685 728 2752 petat,
756 2676 903 2732 dummodo
927 2677 1049 2733 avariciae
1072 2676 1161 2733 lorum
1184 2694 1238 2735 non
1261 2679 1396 2752 stringas,
1433 2682 1597 2742 dummodo

282 2760 374 2820 lutum
408 2762 436 2817 in
465 2771 570 2819 arctum
601 2780 655 2819 non
685 2763 767 2818 ducas
797 2762 938 2826 llomanis;
973 2762 1072 2835 dignus
1102 2761 1146 2818 hic
1169 2763 1216 2836 qui
1245 2763 1404 2838 apostolicae
1437 2769 1598 2844 scriptura

282 2847 374 2904 lucum
399 2847 493 2911 iaciat,
523 2849 569 2922 qui
593 2849 638 2922 pia
652 2856 680 2904 ct
702 2855 794 2904 sancta
811 2847 941 2909 invertat,
966 2847 1081 2904 honesta
1096 2857 1266 2922 corrumpat,
1289 2849 1450 2923 composita
1467 2853 1594 2930 dissipet
1604 2864 1629 2901 ²⁰

282 2941 310 2988 et
333 2932 478 2989 mendaciis
501 2933 638 2988 mendacia
662 2931 827 2994 accumulet:
858 2932 956 3004 dignus
980 2933 1026 3005 qui
1049 2931 1367 3005 pseudochristianorum
1389 2940 1597 2998 monachismo

281 3017 370 3074 honos
393 3034 518 3092 quosque
541 3019 679 3092 perderet
700 3016 876 3092 producatur.
900 3016 959 3073 sitit
982 3017 1106 3091 proiecto
1128 3018 1217 3075 bestia
1238 3018 1296 3074 hee
1310 3019 1455 3078 Cretensis
1477 3023 1598 3083 Germa·

281 3120 342 3159 nam
364 3102 537 3168 libertatem,
568 3103 667 3176 quaerit
695 3102 797 3176 ultique
826 3100 938 3157 bullatis
967 3103 1024 3158 suis
1051 3100 1147 3167 bullis,
1176 3112 1203 3159 et
1231 3102 1291 3178 ipse
1319 3102 1410 3169 hulla,
1443 3109 1598 3188 principes

585 3319 804 3371 CHVNRADVS
822 3318 989 3370 ssuc'rutt
1007 3320 1267 3372 FRANCOSAXVS

745 3404 931 3455 GERMANIS
950 3402 1111 3455 OMNIBVS

782 3502 944 3550 SALVTEM
966 3502 1075 3551 Dtctu.

1603 3447 1629 3486 25

348 3626 540 3678 Dominicanae
558 3653 593 3663 —
610 3653 641 3662 —
661 3627 750 3677 tincto
769 3627 849 3678 bonis
867 3654 899 3662 —
917 3654 951 3662 —
969 3627 1110 3693 negotium
1129 3628 1264 3678 fecerunt.
1296 3627 1475 3694 Gapnionem
1495 3639 1595 3690 mode.

280 3713 343 3763 stiae
362 3716 391 3763 et
407 3737 442 3747 —
459 3718 603 3778 —typum
621 3712 717 3762 nostis.
749 3713 774 3762 li
792 3727 865 3762 nunc
884 3739 915 3748 -
935 3739 966 3747 —
986 3711 1174 3764 Christianam
1197 3713 1388 3778 integritatem
1406 3730 1461 3768 suo
1482 3723 1592 3786 pedore

281 3797 480 3860 contaminare,
499 3797 679 3863 impudenter,
700 3795 776 3847 nullo
794 3796 884 3847 adhue
902 3798 1065 3863 prohibente
1083 3803 1211 3864 pergunt.
1241 3799 1367 3849 Accessit
1384 3799 1454 3853 huie
1474 3810 1590 3870 provin.

281 3883 328 3933 tim
346 3883 499 3945 Aloander,
524 3888 551 3933 et
569 3883 642 3933 idem
660 3882 782 3945 Iudaeus,
807 3883 923 3934 necdum
942 3899 1014 3948 aqua
1033 3882 1151 3934 salutari
1170 3883 1289 3934 ablutus.
1321 3884 1402 3946 Quod
1420 3888 1447 3936 si
1469 3889 1621 3943 aliundene

280 3984 335 4018 non
353 3967 472 4030 habeas,
499 3968 607 4018 abunde
633 3968 742 4032 quidem
767 3984 799 4018 ex
822 3966 939 4019 hominis
963 3970 1097 4032 moribus,
1123 3975 1151 4020 et
1169 3972 1197 4019 iu
1216 3969 1290 4020 omni
1308 3975 1395 4020 aetate
1413 3970 1589 4027 illaudanda

280 4054 347 4104 vitae
371 4053 541 4104 scelestioris
566 4053 774 4104 consuetudine.
804 4053 885 4103 testis
903 4055 1106 4105 Parrhisiornm
1129 4055 1274 4114 Luthetia,
1298 4056 1381 4105 testis
1399 4056 1507 4123 Roma,
1532 4064 1587 4113 Bo-

280 4139 364 4189 nenia
384 4144 411 4187 et
429 4139 522 4201 ltalia,
543 4146 570 4189 ot
588 4154 660 4189 nune
679 4138 790 4189 tandem
808 4139 957 4189 testabitur
975 4145 1070 4191 nestra
1089 4156 1195 4207 quoque
1210 4141 1367 4191 Germania.
1399 4142 1515 4209 Dignus
1528 4147 1587 4209 hic,

281 4225 327 4288 qni
345 4224 471 4273 Paulinae
491 4229 519 4274 et
538 4224 699 4289 apostolieae
716 4249 751 4260 —
768 4250 801 4261 -
820 4226 951 4287 invertat,
972 4232 1136 4291 corrumpat,
1155 4227 1272 4292 dissipet
1290 4231 1319 4276 et
1336 4227 1491 4281 mendacia
1510 4248 1587 4284 men·

281 4308 372 4359 duciis
391 4308 561 4373 ealglutinet3
586 4310 685 4374 dignus
710 4310 745 4359 ab
769 4309 873 4375 pseudo
898 4310 1111 4361 christianorum
1134 4311 1320 4362 monachismo
1344 4311 1433 4364 bonos
1459 4329 1618 4384 quosquett

281 4393 420 4458 perdendo
439 4394 615 4459 producatur.
636 4420 667 4429 —
687 4422 717 4430 —
738 4394 935 4445 Germanorum
954 4396 1127 4447 libertatem:
1152 4397 1251 4463 quaerit
1269 4397 1371 4462 ubique
1391 4397 1509 4453 bullans
1527 4405 1586 4454 suis

347 4566 357 4596 '³
376 4565 434 4617 Iud,
447 4566 504 4615 lea.
517 4566 699 4616 l’fetterkom.
765 4562 786 4596 ¹⁵
804 4565 827 4626 ἕ.
840 4561 877 4630 2.]
899 4565 941 4616 Cf.
956 4565 1072 4616 Lutheri
1090 4569 1180 4619 locum
1198 4567 1227 4617 in
1245 4569 1354 4632 praefat
1369 4574 1585 4639 transcriptum.

280 4648 438 4700 Alexander
451 4657 478 4699 0.
551 4649 794 4716 indulgentierius.
850 4648 870 4681 ¹⁷
889 4650 979 4717 quam]
1000 4659 1109 4718 praeter.
1169 4654 1190 4687 ¹⁸
1208 4653 1336 4704 avaritiae
1357 4659 1386 4701 G.
1400 4661 1426 4704 et
1444 4659 1486 4707 sie
1504 4661 1532 4708 in
1550 4662 1585 4709 ai·

280 4735 377 4783 callidus
396 4742 419 4794 t,
439 4738 481 4787 rabi
500 4752 514 4785 c
533 4735 609 4786 labet
629 4741 650 4786 1.
704 4732 726 4768 ²²
745 4733 831 4805 Crob]
854 4738 889 4789 ef.
904 4735 986 4786 Pauli
1006 4753 1047 4804 ep.
1062 4739 1097 4788 ad
1115 4740 1172 4790 Tit.
1186 4741 1208 4790 1.
1224 4739 1264 4789 12.
