3294 5408
131 412 269 451 tvm
276 412 314 451 ΙΙ)
322 413 606 451 mmmmm!
620 414 655 449 VT
665 414 777 450 nnunvtr
787 416 816 450 lli
826 415 952 452 VBKBTQS
962 415 1079 459 PROSEQ.
1086 416 1332 454 uuoxraronm.
1355 386 1426 461 135

340 569 457 649 lnspice
480 576 524 629 tat
545 569 647 629 mundi
669 568 839 630 discruuina
862 579 891 630 et
913 571 1024 648 inspice
1046 589 1146 632 casus:

424 670 529 733 Qnruia
552 676 651 731 nostra
675 688 745 748 vaga
768 671 928 732 mobilitate
950 671 1064 742 labant;

342 772 487 853 Quicquid
509 771 619 835 habeut
638 772 775 835 homiues
797 774 932 852 rapidum
955 775 1146 838 ve1·satur.ad
1168 795 1254 839 anem

291 897 330 939 are
421 875 459 937 Et
481 892 536 954 per
556 873 818 954 inaequalesitque
839 876 975 956 reditque
998 885 1087 939 rotas.

315 1010 318 1015 ·
341 978 406 1058 lpsa
428 977 536 1039 sedens
557 978 655 1039 medio
678 977 776 1038 radios
798 978 969 1039 moderatur
991 979 1028 1039 ab
1051 998 1106 1041 are

424 1080 556 1140 Fortuna
579 1085 608 1139 et
628 1086 741 1140 tantum
764 1079 866 1140 sedula
890 1088 985 1142 versat
1006 1099 1097 1160 opus;

340 1183 423 1245 Stant
444 1181 578 1242 hemines
599 1183 771 1258 circumque
794 1184 855 1244 suis
877 1182 943 1245 data
963 1190 1098 1261 tempora
1119 1185 1224 1256 rebus,

291 1307 329 1347 rao
424 1282 527 1345 Omnia
551 1283 719 1344 loemineum
742 1282 817 1344 liena
839 1284 894 1346 sub
917 1285 1087 1357 arbitrium,

342 1385 397 1458 Qui
419 1385 509 1448 modo
531 1403 671 1447 summus.
687 1392 752 1447 crat
771 1385 817 1447 vel
839 1388 890 1465 qui
912 1387 1000 1449 modo
1023 1389 1175 1465 proximus
1197 1388 1252 1460 illi,

423 1488 497 1549 Cum
519 1487 596 1549 volet
618 1488 694 1556 lraec,
718 1487 787 1564 agili
808 1506 920 1566 pronus
941 1488 979 1550 ah
1001 1508 1056 1551 axe
1078 1491 1176 1552 cadet:

341 1592 412 1665 Quae
433 1589 522 1670 paulo
544 1598 627 1658 ante,
652 1589 745 1650 oculis
767 1608 835 1651 cnm
857 1596 886 1651 te
908 1598 1055 1670 spectaret
1075 1593 1197 1672 iniquis,

290 1714 327 1757 asa
422 1693 546 1753 iniustas
568 1694 685 1754 Venetae
707 1690 824 1753 sustulit
846 1672 1036 1772 urbis'opes,

340 1794 434 1858 Crede
456 1794 543 1863 milii,
567 1795 725 1873 ancipitem
749 1814 816 1855 cum
840 1797 960 1856 verterit
982 1797 1063 1857 irrita
1085 1796 1209 1869 molem,

424 1897 510 1958 llunc
532 1915 633 1957 rerum
656 1899 804 1975 mtegrum
826 1915 886 1956 non
909 1900 984 1959 sinet
1006 1917 1070 1960 esse
1091 1907 1208 1962 statum.

338 1999 420 2061 alddc
434 1999 514 2079 quod
530 2007 559 2059 et
573 1998 694 2060 sceleris
709 2000 791 2078 piget
805 1998 860 2059 lios
874 2000 1047 2079 veniamque
1062 2011 1238 2079 precantur,
1327 2061 1330 2068 o

289 2120 326 2162 aas
421 2100 515 2171 Dum,
538 2109 647 2180 quanta
669 2108 729 2170 est,
754 2100 847 2181 patuit
867 2103 995 2162 numinis
1016 2103 1060 2162 ira
1082 2105 1133 2164 tui.

339 2202 398 2265 Sed
412 2205 489 2283 quia
512 2203 591 2264 nulla
614 2203 686 2264 fides
708 2202 779 2273 illis,
803 2204 871 2282 quia
894 2211 978 2281 pacta
1001 2204 1167 2278 resolvunt,

422 2305 459 2366 Et
480 2307 549 2385 quia
571 2324 631 2366 non
654 2323 782 2384 unquam
806 2305 917 2366 loederc
939 2312 1018 2368 stare
1040 2306 1149 2379 solent,

338 2409 523 2487 Quamquam
537 2409 620 2486 pacis
634 2415 733 2468 emant
747 2413 922 2486 praetextum
938 2415 967 2469 ct
982 2427 1105 2470 munere
1120 2417 1252 2489 captent,

289 2529 326 2572 aaa
422 2510 467 2572 'l'u
488 2516 587 2571 tamen
610 2512 634 2580 i,
659 2510 760 2586 coeptis
783 2512 1026 2590 propositumque
1048 2519 1126 2573 tenc.

338 2611 443 2674 Nullus
463 2614 495 2673 in
518 2610 645 2673 admisso
668 2610 879 2682 meminens,
903 2613 1034 2691 undique
1056 2632 1142 2675 causa
1165 2622 1224 2686 cst,

423 2715 455 2775 ln
479 2712 605 2775 Venetos
627 2713 756 2774 clemens
779 2732 832 2774 cur
855 2713 984 2778 habeare
1007 2716 1119 2786 minum

338 2939 443 3014 luspice
466 2947 508 2994 tut
530 2939 622 2996 mundi
644 2938 799 2995 discrimina
822 2949 849 2995 et
872 2940 974 3014 inspice
995 2958 1089 2997 casus:

300 3040 324 3082 ⁸8
421 3024 515 3083 uncia
537 3033 630 3080 nostra
655 3043 719 3097 vagu
743 3024 894 3081 mobilitate
916 3033 1015 3093 raunt3

339 3110 472 3184 Quicquid
496 3110 596 3166 habent
618 3110 742 3166 lromines
765 3109 888 3184 rapidum
910 3119 1034 3167 versatur
1056 3113 1089 3168 ad
1111 3113 1202 3169 orbem

423 3195 455 3251 Et
477 3213 526 3270 per
548 3193 696 3268 iraequales
718 3196 793 3269 itque
816 3195 940 3269 reditque
963 3199 1043 3252 vices.

338 3281 397 3356 lpsa
421 3280 517 3336 sedens
540 3279 628 3336 medio
651 3279 742 3335 radios
765 3280 922 3336 moderatur
943 3280 976 3336 alr
998 3299 1046 3336 axe

302 3383 328 3425 oa
424 3365 543 3421 Fortuna
567 3373 594 3420 et
617 3373 721 3421 tantum
745 3364 838 3421 sellula
860 3373 950 3421 versat
972 3384 1057 3440 opus:

339 3453 418 3508 Stant
439 3451 563 3508 hornines
585 3451 740 3523 circumque
763 3452 820 3506 suis
842 3451 904 3506 data
928 3460 1049 3524 tempore
1073 3452 1154 3509 rebus

424 3535 517 3592 Omnia
540 3535 694 3593 loemineurn
716 3537 823 3590 siebaldo
843 3537 883 3591 ad
904 3535 1059 3598 arbitrium.

338 3622 388 3691 Qui
411 3621 493 3678 modo
514 3638 635 3677 summus
658 3629 717 3677 erat
740 3621 779 3676 vel
803 3622 849 3695 qui
872 3621 953 3676 modo
976 3621 1116 3695 proximus
1138 3622 1192 3686 illi,

301 3702 326 3744 ⁹⁶
422 3707 487 3763 Cum
509 3709 571 3762 velit
589 3706 661 3768 lraec,
684 3706 748 3779 agili
770 3723 874 3780 pronus
896 3705 929 3761 alr
951 3725 999 3763 are
1021 3708 1106 3763 ccidit.-

338 3791 403 3860 Qute
426 3791 507 3867 paulo
530 3799 605 3852 ante,
630 3790 717 3846 oculis
739 3809 800 3848 cum
824 3799 851 3847 tc
874 3801 1010 3866 spectaret
1031 3793 1146 3867 iniquis,
1199 3792 1203 3799 '

355 3939 358 3943 ,
422 3877 537 3933 lniustas
559 3877 667 3932 Venetae
690 3876 802 3933 sustulit
823 3876 900 3933 urbis
924 3894 1005 3951 opes,

337 3962 421 4019 Crede
444 3962 525 4022 milri.
549 3962 694 4036 ancipitem
717 3980 777 4018 cum
800 3962 913 4018 verterit
934 3963 1025 4019 incida
1049 3962 1162 4025 molem,

288 4042 323 4085 ¹⁰⁰
419 4047 494 4104 llunc
516 4062 607 4103 rerum
630 4048 767 4119 integrum
789 4064 843 4102 non
867 4050 938 4103 sinet
958 4064 1018 4104 esse
1041 4057 1148 4104 statum.

337 4133 411 4190 Adde
435 4132 507 4208 quod
531 4142 557 4188 et
580 4132 691 4187 sceleris
713 4134 788 4207 piget
811 4133 861 4188 lios
884 4134 1041 4207 veniamque
1064 4143 1224 4207 precantur.

421 4218 501 4279 llum,
524 4226 625 4291 quanta
647 4226 702 4280 est,
725 4217 814 4291 patuit
835 4218 954 4274 numinis
976 4218 1015 4274 ira
1039 4219 1087 4274 tui.

339 4305 392 4361 Sed
415 4303 479 4378 quia
502 4302 575 4360 nulla
597 4301 663 4358 tides
687 4303 755 4364 illis,
779 4302 840 4375 quia
862 4311 940 4377 pacta
963 4303 1117 4365 resolvunt,

286 4405 322 4445 rot
417 4389 450 4445 Et
471 4391 600 4462 paeoniam
621 4404 760 4460 riunqaom
782 4388 884 4443 ludere
906 4396 979 4444 stare
1002 4388 1106 4450 select,

338 4472 495 4549 Quanquam
519 4473 592 4549 pacis
616 4482 705 4530 emant
726 4479 889 4547 praetextum
911 4479 937 4526 ct
954 4472 1059 4545 fraodc
1078 4481 1221 4540 retexunt,

424 4560 463 4615 Tu
485 4568 574 4615 tamen
598 4559 619 4621 i,
642 4558 739 4633 ceptis
761 4556 986 4632 propositumque
1009 4553 1087 4613 tenc?

145 4664 337 4702 “N-

1371 4573 1428 4627 (Μ)

213 4742 302 4810 mci.
316 4759 419 4826 dialog.
432 4761 545 4811 Fortun.
596 4757 630 4792 ²⁸⁴
648 4753 771 4823 sustulit]
787 4757 872 4819 auxit,
887 4755 916 4805 iu
928 4755 1016 4807 moitis
1029 4755 1135 4807 extulit.
1187 4752 1221 4790 Μ
1238 4755 1257 4823 l]
1272 4753 1286 4807 ὲ
1301 4758 1424 4808 adea.
