3294 5408
266 852 270 859 ·
319 844 375 893 Diu
394 848 436 893 est
455 842 525 908 quod
543 842 610 892 mihi
628 843 755 907 persuasi
780 840 860 906 inque
884 840 943 890 dies
967 841 1069 890 certius
1093 841 1210 905 cognovi
1233 839 1302 908 nihil
1326 856 1453 906 umquam
1477 842 1542 891 scri-

251 933 360 995 ptorum
378 942 487 977 suorum
505 935 606 992 proeter
625 926 760 992 epistulas
779 941 839 990 qum
859 924 893 974 ab
913 925 972 989 ipso
992 926 1064 974 inter
1083 924 1267 975 Obscurorum
1291 925 1411 975 virorum
1431 926 1546 989 scriptae

251 1017 316 1062 sunt
334 1016 363 1062 et
374 1011 553 1076 Triumphum
565 1011 717 1077 Capnionis
736 1011 782 1075 qui
801 1010 836 1060 ad
854 1009 931 1058 illam
950 1015 1046 1058 contra
1064 1009 1249 1074 theologiam
1268 1009 1471 1073 expeditionem
1484 1025 1546 1074 per·

251 1097 335 1159 tinet,
356 1097 508 1146 Huttenum
527 1095 685 1161 publicasse
703 1096 757 1145 nisi
777 1096 900 1144 auctoris
917 1095 1027 1144 nomine
1046 1094 1184 1156 indicato,
1203 1109 1337 1159 speroque
1357 1094 1468 1144 tandem
1487 1094 1547 1143 t'ore

251 1185 282 1230 ut
299 1180 428 1231 desinant
447 1181 536 1231 eidem
555 1179 648 1230 aliens
666 1183 777 1244 viroque
796 1179 912 1244 indigna
930 1179 1004 1242 (sunt
1022 1183 1113 1228 autem
1125 1178 1249 1231 Hutteno
1268 1179 1382 1245 indigna
1401 1180 1486 1228 etiam
1507 1181 1546 1228 iu-

252 1265 446 1331 geniosissima
464 1263 669 1330 lepidissimave
689 1264 781 1314 omnia
799 1279 858 1328 quae
877 1278 931 1314 non
953 1263 1007 1313 nisi
1029 1279 1079 1328 per
1100 1263 1274 1313 mendacium
1299 1262 1343 1313 vel
1367 1262 1546 1312 benevolenti

253 1351 344 1399 animo
363 1349 587 1399 adscriberentur
606 1348 643 1414 ei)
663 1348 833 1410 adiudicare,
853 1348 912 1398 sive
931 1347 1021 1397 laudis
1039 1348 1092 1398 viri
1111 1330 1274 1398 extollendae
1293 1349 1352 1398 sive
1372 1348 1547 1398 conviciandi

252 1433 371 1492 hominis
390 1448 479 1484 causa
497 1433 524 1484 id
543 1433 658 1485 iaciant
694 1433 768 1483 Sane
785 1434 856 1482 mira
875 1433 1018 1482 temeritas
1038 1438 1080 1482 est
1100 1438 1127 1481 et
1144 1423 1276 1494 α’κρισία,
1302 1432 1397 1482 sedin
1415 1448 1469 1482 non
1489 1432 1547 1481 nul-

252 1517 287 1568 lis
306 1518 486 1571 circulatoria
503 1518 642 1570 iactantis
661 1522 689 1568 ct
707 1519 950 1583 ignorantia,'qua
967 1517 1100 1579 Hutteno‚
1120 1517 1192 1567 sicui
1211 1517 1249 1567 ali
1267 1518 1406 1582 scriptori,
1427 1533 1462 1566 ee
1480 1532 1545 1582 quo·

254 1617 306 1668 que
325 1603 446 1653 tribuere
466 1602 554 1652 adhuc
573 1602 718 1652 voluerunt
736 1617 796 1667 quse
815 1603 862 1667 qui
880 1602 943 1651 sani
960 1601 1056 1651 iudicii
1075 1602 1130 1651 sint
1149 1602 1237 1651 eidem
1250 1617 1304 1652 non
1317 1601 1478 1651 abiudicata
1492 1616 1545 1650 non

253 1693 374 1752 possunt.
411 1688 466 1751 Qui
485 1687 550 1752 quid
567 1687 628 1737 haec
647 1701 745 1736 severa
764 1686 916 1736 admonitio
933 1685 980 1735 hic
998 1686 1053 1735 loci
1071 1686 1124 1736 sibi
1143 1686 1212 1735 velit
1231 1702 1264 1735 cx
1287 1702 1329 1735 me
1354 1691 1474 1751 quaerat,
1499 1703 1545 1737 vc-

253 1773 327 1822 niam
346 1771 424 1822 dabit
441 1772 619 1837 respondenti
638 1786 749 1831 carmen
767 1771 836 1835 quod
855 1771 979 1836 sequitur
997 1786 1039 1820 me
1058 1771 1267 1836 transcripsisse
1286 1787 1301 1820 e
1320 1771 1415 1822 libello
1439 1773 1484 1822 cui
1503 1789 1545 1821 rc-

253 1857 362 1907 centior
380 1871 477 1906 manus
495 1856 638 1922 inscripsit
655 1859 715 1906 ‘aut
731 1855 771 1906 Ul.
784 1872 807 1905 o.
823 1855 937 1905 Hutten'.
968 1855 1192 1905 Benivolentiam
1212 1870 1228 1904 s
1247 1854 1398 1906 lectoribus
1416 1858 1546 1906 inmerito

168 2003 175 2015 ·
252 1947 389 2007 peterem,
415 1942 497 1991 immo
520 1941 650 1991 iniuriam
673 1940 777 1990 eisdem
800 1940 935 2001 facerem,
959 1941 984 1990 si
1008 1940 1142 1997 rationes,
1168 1955 1183 1989 e
1207 1940 1304 2004 quibus
1328 1941 1471 1991 adnotatio
1490 1942 1546 1992 ista

253 2026 327 2078 falsa
344 2025 463 2076 dicenda
482 2030 538 2087 est,
563 2024 686 2091 pluribus
708 2025 802 2075 verbis
825 2040 997 2090 exponerem.
1034 2025 1063 2074 hi
1086 2039 1182 2075 versus
1206 2025 1241 2074 ab
1260 2026 1439 2076 Huttenianis
1461 2026 1544 2090 louge

253 2109 415 2161 alienissimi
433 2114 505 2160 sunt.
540 2110 599 2160 Nec
617 2110 697 2171 boni,
717 2103 810 2160 tamen
828 2110 971 2176 repetendi
989 2111 1042 2160 visi
1061 2114 1138 2170 sunt;
1161 2125 1215 2158 non
1235 2115 1290 2158 tam
1309 2115 1339 2159 ut
1357 2115 1492 2160 caveatur
1510 2126 1544 2160 ne

252 2197 280 2246 in
298 2176 483 2262 negligentiae
502 2195 606 2244 crimen
625 2195 670 2258 qui
689 2208 749 2258 quae
768 2196 893 2260 recipere
912 2194 1069 2244 debuissem
1088 2195 1255 2253 omisissem,
1280 2195 1351 2259 apud
1373 2210 1420 2244 eoa
1439 2196 1544 2244 incide·

252 2296 308 2330 rem
327 2280 374 2345 qui
390 2279 443 2329 hoc
462 2293 573 2329 carmen
591 2278 707 2330 Hutteni
725 2294 786 2329 esse
805 2280 964 2344 opinentur,
989 2294 1070 2345 quam
1094 2281 1158 2343 quia
1177 2279 1368 2329 documentum
1386 2296 1435 2345 per
1453 2295 1484 2331 ae
1503 2295 1545 2329 sa-

250 2366 287 2415 tis
305 2363 483 2415 memorabile
501 2368 531 2414 et
548 2363 584 2413 ad
595 2363 712 2434 Hqtteui
730 2364 859 2414 carminis
879 2363 1057 2415 exhortatorii
1075 2364 1331 2428 interpretationem
1350 2364 1417 2413 utile
1430 2364 1545 2414 videba-

250 2444 303 2511 tur,
322 2453 458 2516 praeterea
471 2447 560 2498 adhuc
574 2462 591 2497 a
602 2449 712 2498 nemine
726 2463 805 2513 quern
823 2449 912 2499 sciam
930 2453 978 2498 aut
996 2448 1142 2513 repetitum
1162 2455 1210 2498 aut
1229 2449 1263 2498 ad
1275 2449 1459 2499 Maximiliani
1479 2451 1544 2515 imp.

253 2550 297 2585 res
320 2540 415 2601 gestas
440 2533 610 2584 enarrandas
632 2533 785 2583 adhibitum
808 2539 861 2584 est.
896 2533 1003 2584 Prodiit
1026 2537 1119 2582 autem
1143 2532 1255 2582 libellus
1279 2533 1339 2583 sine
1363 2534 1417 2583 loci
1440 2536 1543 2584 anniae
1577 2528 1578 2532 ’

251 2619 422 2669 indicatione
442 2617 583 2684 (Augustas
596 2617 814 2680 vindelicorum,
834 2621 914 2683 puto,
935 2632 1006 2668 anno
1027 2615 1111 2683 1510.)
1131 2608 1193 2668 octo
1212 2618 1356 2682 quadratis
1375 2618 1460 2680 soliis,
1481 2635 1544 2683 quo-

252 2719 310 2753 rum
328 2702 419 2754 altera
438 2707 467 2753 ct
484 2701 581 2752 ultima
598 2703 708 2767 paginae
728 2719 744 2752 a
763 2705 900 2768 scriptura
919 2706 1033 2764 vacant,
1054 2707 1156 2752 ceterae
1175 2702 1291 2767 singulm
1309 2703 1430 2752 tricenos
1449 2719 1545 2753 versus

252 2787 369 2850 babent,
390 2792 491 2853 praeter
509 2786 624 2852 primam
645 2788 672 2837 in
692 2801 745 2852 qua
762 2787 832 2837 nihil
851 2787 905 2837 nisi
923 2786 983 2837 baec
1002 2788 1147 2852 inscriptio
1165 2791 1220 2838 est:

416 2903 1092 3024 interessetilitmos
1131 2904 1347 3000 stills

417 3039 608 3115 strilfimos
632 3040 727 3115 sacri
753 3042 921 3116 Romani<
944 3041 1100 3142 Imperii
1126 3038 1341 3115 Electores:

415 3159 599 3260 Reliquos
628 3188 664 3259 q3
688 3160 841 3236 inclitos
868 3162 908 3235 in
936 3161 1100 3237 concilio
1121 3161 1343 3260 Augustenfi

417 3279 657 3357 Germanorsi
671 3281 886 3382 Principes:
916 3280 1055 3357 Carme
1073 3280 1344 3356 exhortatorii:

318 3435 361 3485 De
380 3434 433 3486 boo
451 3440 589 3487 conventu
606 3435 775 3487 Trithemius
794 3437 823 3486 in
841 3436 972 3487 chronico
989 3437 1186 3501 Hirsaugiensi
1205 3437 1243 3498 (S.
1259 3436 1333 3486 Galli
1355 3435 1427 3487 1690.
1442 3436 1489 3486 fol.
1505 3437 1545 3486 11.

250 3535 275 3585 p.
289 3517 361 3584 650.)
379 3520 478 3583 „Anno
496 3522 585 3572 MDX.
600 3526 750 3572 conventus
769 3521 921 3586 principum
940 3522 1013 3587 apud
1031 3523 1181 3587 Augustum
1195 3512 1362 3571 Rhaetiorum
1383 3537 1454 3571 anno
1474 3537 1543 3585 proe·

251 3603 367 3654 cedente
385 3620 435 3670 per
447 3605 660 3656 Maximilianum
673 3621 766 3671 regem
785 3606 905 3656 indictus
924 3606 959 3656 ad
978 3606 1078 3656 festum
1090 3606 1257 3671 Epiphaniae
1277 3606 1447 3656 celebratur:
1468 3605 1543 3654 lente

251 3689 351 3754 coepit,
374 3689 423 3740 sed
445 3690 492 3740 diu
513 3690 637 3753 duravit,
666 3707 683 3739 a
705 3692 842 3757 principio
865 3691 997 3742 videlicet
1020 3692 1145 3742 Ianuarii
1168 3705 1253 3755 usque
1278 3691 1312 3740 ad
1336 3690 1416 3740 linem
1440 3692 1543 3740 mensis

250 3773 344 3823 uolua
381 3771 519 3826 Recessus
550 3790 628 3841 quem
658 3781 761 3826 vocant
790 3775 961 3841 subscriptus
991 3781 1034 3826 est
1063 3776 1087 3826 d.
1101 3776 1142 3825 22.
1157 3775 1224 3824 Maii
1248 3791 1273 3825 a.
1296 3774 1369 3826 1510.
1404 3777 1491 3825 Extat
1515 3776 1542 3824 in

251 3854 415 3927 &ommium
433 3859 473 3912 btt
492 3858 710 3924 ffiridecbiriicbr.
729 3859 769 3926 1⁰35.
786 3860 858 3909 1747.
873 3859 1143 3927 r01.r0m.11.p.32.
1158 3874 1216 3924 sqq.
1254 3861 1383 3910 Subsidia
1402 3860 1436 3908 ab
1457 3861 1542 3924 impe-

250 3946 342 3992 ratore
361 3948 459 3992 contra
478 3945 599 3995 Venetos
618 3945 770 3995 officiosius
788 3945 923 4010 promissa
942 3961 1022 4010 quam
1041 3945 1195 4010 religiosius
1213 3947 1339 4010 praestita
1357 3952 1429 3995 sunt.
