3294 5408
250 410 395 445 senonum
410 411 503 445 RERVM
516 411 684 447 VBHETARVI
696 411 889 448 PANEGYMCVS
902 413 922 447 1.
936 412 1161 447 unussnbucou.
1273 381 1346 455 307

265 566 335 623 Mox
356 567 403 621 ubi
421 566 527 621 dilecta
547 568 657 638 superis
678 567 798 638 confinia
818 573 903 623 terroe

264 653 369 723 Attiou,
387 650 432 706 bic
451 651 563 707 becrens
583 651 725 707 lachrimis
738 653 779 706 sie
802 653 925 708 creditur
946 670 1026 709 orsa.-

263 736 353 791 ⁴Fene
372 750 421 809 epo
442 743 584 792 terrarum
605 740 756 809 specimen,
777 735 909 792 Saturnia
931 740 1023 809 tellus,
1129 795 1132 801 ,

163 877 166 881 ,
212 838 250 878 ms
265 822 363 879 ‘Cuius
386 822 487 877 deutra
503 829 603 893 polens
624 837 719 877 rerum
740 823 900 878 moderatur
919 823 1047 895 balena,

263 906 352 962 ‘Dum
370 921 486 980 sequor,
502 909 623 962 incertas
641 909 767 977 satorum
787 909 898 963 conscia
919 924 1006 964 curus

264 990 449 1047 ‘Destituaml
471 999 534 1048 tunc
552 992 702 1048 immodicis
721 999 831 1048 assueta
851 994 1012 1065 triumphis,

264 1074 348 1142 ‘Quae
368 1079 466 1132 virtute
485 1080 572 1135 uirum
594 1078 729 1149 rebusque
750 1080 848 1133 innisa
869 1080 998 1133 secundm

265 1160 338 1216 ‘Sub
353 1163 469 1232 pedibus
491 1163 617 1218 domitum
636 1169 776 1218 terrarum
798 1162 916 1234 despicis
935 1164 1041 1234 orbem,

214 1263 254 1304 nso
267 1245 417 1303 ‘Proesidio
437 1249 554 1319 spoliata
576 1249 656 1303 deum
675 1251 810 1320 celerique
824 1247 926 1320 favore

265 1330 350 1387 ‘Mox
371 1346 454 1388 ruere
476 1335 588 1404 incipies
607 1341 736 1406 retroque
758 1334 862 1388 abiecta
882 1331 1008 1406 referri?

265 1416 343 1471 ‘Non
364 1420 417 1472 erit
436 1416 500 1473 binc
521 1419 624 1473 cultrix
644 1417 773 1489 Tarpeiae
788 1420 882 1489 rupiS,
907 1424 936 1474 ut
952 1420 1028 1488 obm,

264 1501 396 1572 ‘Imperii
410 1503 536 1559 Fortuna
557 1507 667 1559 comes?
687 1506 735 1559 oie
757 1504 865 1559 excidet
884 1506 970 1572 amni,

266 1585 319 1641 ‘Ut
339 1602 418 1656 reor,
441 1587 593 1660 Hesperia,
615 1604 666 1643 nec
687 1591 712 1643 si
732 1591 787 1642 iam
810 1590 898 1644 liltore
919 1594 970 1645 tolo

214 1688 251 1727 ass
267 1669 448 1728 ‘Submoueor
463 1676 613 1747 primaque
630 1680 705 1731 vetor
724 1676 872 1729 consistere
892 1679 985 1743 terra,

263 1756 418 1813 ‘Fluctibus
440 1761 468 1813 in
489 1760 582 1814 mediis
599 1759 678 1814 sedes
697 1765 796 1829 optare
815 1764 932 1814 recuso'.

263 1841 343 1897 Dixit
363 1847 388 1897 el
410 1842 544 1899 Oenotriis
563 1858 702 1916 opressum
722 1844 823 1914 finibus
843 1858 942 1915 nomen

264 1927 456 2001 Fulqentisque
475 1931 599 2002 aquilas,
621 1934 659 1983 tot
678 1931 732 1984 iam
753 1928 850 2000 quibus
873 1929 921 1983 illa
934 1944 991 2001 per
1009 1943 1098 1985 annos

265 2013 335 2067 Fido
354 2029 443 2068 comes
461 2013 573 2085 suerat,
593 2014 734 2068 lachrimis
753 2014 894 2084 spectabat
908 2013 1024 2077 obortiss

214 2113 253 2154 nm
271 2097 338 2152 Tum
356 2097 423 2168 fletu
440 2098 563 2171 perfusa
583 2114 670 2172 penus
687 2098 849 2153 miserabilis
871 2115 925 2155 uno

182 2206 189 2221 x
266 2181 362 2238 Obtutn
380 2182 473 2254 defixo
492 2185 568 2239 sedet
585 2190 731 2255 manetque
747 2183 861 2252 luenda,

262 2267 335 2324 Dum
353 2269 455 2338 procul
472 2271 514 2324 ire
531 2269 601 2324 eiciet
614 2271 735 2340 totisque
753 2269 891 2324 enecuere
908 2271 1016 2340 eampis

263 2350 348 2425 Siqna
369 2354 443 2408 mari
463 2357 597 2426 terrisque
613 2356 675 2409 olim
693 2357 868 2426 probissima,
891 2371 1032 2427 nunquam

264 2437 308 2492 Aet
329 2440 401 2493 m'sus
423 2439 549 2495 reditura
569 2455 641 2495 suos.
662 2448 718 2495 tum
740 2440 856 2512 (lenique
875 2439 911 2494 ab
932 2442 985 2495 imo

212 2539 250 2579 ms
264 2521 378 2578 Pectore
400 2523 448 2579 uu
466 2528 594 2596 pumilus,
607 2533 756 2596 postauam
777 2539 925 2580 vanescere
946 2532 1043 2581 contra

264 2606 359 2663 Omnia
378 2612 539 2681 prospexit,
560 2612 716 2682 sensimque
734 2609 837 2681 affecta
859 2613 968 2664 retorsit

261 2692 379 2749 Lumina
397 2696 425 2748 in
446 2697 582 2751 Ausonias
602 2701 694 2750 terrem
713 2713 767 2768 qua
786 2694 891 2749 Martia
912 2701 1013 2766 septem

262 2778 352 2834 Romu
372 2778 446 2834 sedet
467 2781 575 2835 tumulis
597 2779 816 2851 lncbrimnnsque
836 2779 897 2834 buc
915 2795 964 2835 ore
982 2782 1072 2835 locuta
1090 2787 1147 2835 est:

262 2864 401 2919 ‘Felices'
427 2866 512 2935 inquit
533 2865 634 2931 sedes,
655 2865 759 2937 salicia
780 2866 895 2935 templo,

211 2964 249 3003 mo
264 2949 458 3021 ‘Romuleique
475 2950 564 3017 lares,
582 2963 650 3021 quos
672 2951 778 3004 demum
799 2951 882 3005 innita
902 2949 1017 3020 reliqui,

260 3036 408 3104 ‘Accipile‚
430 3040 556 3088 extremo
577 3049 697 3106 uanique
715 3033 776 3089 baec
797 3048 844 3089 uos
866 3034 990 3105 alloquor
1010 3033 1096 3101 bora,

261 3117 354 3174 ‘Ilicet
374 3125 507 3174 aelernum
528 3121 582 3172 iam
604 3134 646 3173 me
667 3121 734 3175 deses
756 3126 853 3175 auocat
874 3120 933 3185 ille,
1087 3186 1091 3195 ι

262 3203 329 3259 ‘Ille
350 3204 417 3259 deus
438 3206 486 3275 qui
506 3210 609 3259 cuneta*
626 3207 708 3277 repit,
730 3206 778 3276 qui
797 3211 896 3259 cuncta
916 3203 1067 3275 pubernat,
1091 3196 1094 3201 ’

227 3319 239 3353 4
261 3289 359 3346 ‘Cuius
380 3292 456 3344 iussa
474 3304 591 3362 sequor.-
613 3305 700 3361 neam
720 3291 792 3344 enim
808 3288 875 3344 mibi
894 3296 970 3344 cerlo
988 3295 1126 3360 poteslas,

210 3390 247 3429 uss
263 3376 270 3401 ‘
277 3371 404 3441 Qualem,
428 3373 533 3443 Romo,
554 3381 639 3446 putus
657 3376 793 3446 finxitque
814 3374 923 3429 indocta
945 3380 1077 3430 retemtas:

261 3457 355 3514 ‘Illius
372 3460 508 3515 immensis
525 3460 630 3515 alienas
648 3475 776 3532 quoerere
794 3460 872 3515 sedes

175 3610 180 3621 ι
262 3545 403 3616 ‘Copimur
419 3547 556 3616 imperiis;
576 3547 627 3600 sed
646 3551 674 3600 lu
695 3545 821 3601 ruortalia
838 3550 942 3599 tantum

262 3629 378 3684 ‘Desine
396 3632 509 3685 mirari:
527 3648 581 3686 non
604 3647 662 3685 ura
682 3632 738 3685 eris
755 3630 841 3697 orbis,
865 3637 895 3685 ut
914 3636 992 3697 arcte,

260 3714 310 3769 ‘Al
325 3718 436 3786 pietatis
458 3717 531 3770 eris'.
575 3716 706 3786 Dixitque
728 3721 754 3770 et
773 3718 848 3770 iussu
869 3716 966 3769 sedere

209 3815 247 3856 mo
262 3798 375 3855 Finibus
396 3800 540 3872 Hesperias
562 3803 707 3856 immensas
728 3802 842 3872 suspicit
865 3799 963 3871 Alpes,

260 3882 379 3956 Suspicit
399 3892 424 3940 et
442 3886 507 3940 coelo
525 3894 653 3941 surrecta
672 3888 816 3941 caelamina
838 3886 952 3940 etamnat

258 3969 467 4043 Perpetuusque
488 3972 577 4040 niues,
598 3972 781 4043 liquidumque
799 3986 943 4042 peracre
963 3970 1044 4041 lapsu

258 4053 431 4127 Praepetibus
446 4057 549 4127 pennis
568 4058 700 4130 aurisque
718 4058 831 4129 insiarus
849 4057 949 4111 amictu

259 4139 425 4213 Perstrinail
442 4141 559 4213 petilium
582 4141 714 4197 talaribus
735 4140 909 4214 Apenninum
915 4164 925 4202 ,-

208 4240 246 4283 tos
259 4226 333 4281 Hine
353 4227 425 4281 bauo
444 4229 591 4299 prospexit
614 4225 684 4282 Vari
701 4229 880 4301 scopulosque
896 4225 1035 4282 Monoecbi

258 4311 452 4384 Deveaumque
473 4312 543 4367 lotus
562 4312 638 4385 quod
656 4313 761 4369 Gallica
782 4311 1015 4379 subnotanda,

260 4394 373 4470 Quoque
392 4396 479 4470 Lipur
501 4400 655 4453 succinctus
677 4404 754 4466 arnt,
777 4414 842 4452 mox
863 4399 951 4453 littore
972 4397 1038 4451 lano

259 4483 401 4538 Accelerat
421 4484 551 4556 limusque
570 4484 663 4538 ocutos
682 4482 736 4538 bue
752 4485 837 4555 flectit
856 4491 881 4537 el
901 4483 976 4537 illuc.

259 4565 390 4623 Prob'nus
409 4576 561 4623 occurrunt
576 4570 680 4624 iniectae
696 4568 824 4639 {luctibus
843 4582 940 4623 arces:

59 4697 260 4708 ..σῇ-

124 4763 158 4797 ””
177 4766 211 4815 ab
230 4767 297 4816 ortis
317 4769 338 4816 Ι.
391 4764 423 4798 ²⁰¹
443 4768 597 4831 blonoecus,
617 4768 737 4819 Mouneo.

438 4848 454 4876 0
