3294 5408
280 379 353 453 ²⁷ss
467 459 471 466 Ι
541 412 664 450 ΕῚΤΤΙΙΙ
679 414 707 450 ΙΙ
720 412 850 451 ΤΕΙΡΟΙᾸ
862 416 935 453 ivon
949 416 1056 453 snm
1069 417 1104 453 11·
1116 416 1299 456 mmmm.

481 568 599 630 Gramlo
621 570 690 630 iacit
712 588 835 640 nomen,
858 573 976 649 iamque
999 580 1044 634 est
1066 572 1195 635 Ecclesia
1218 573 1325 638 Christi

481 669 640 732 Latrouum
664 671 712 733 illa
738 691 851 733 manus.
897 672 921 733 0
944 674 1070 735 seclum!
1093 695 1111 737 o
1133 686 1270 755 pectora,
1295 679 1384 739 caecis

480 772 613 835 Nubibus
635 781 665 834 et
686 774 853 834 miserando
876 795 890 835 a
914 796 946 836 se
970 779 1119 839 immutata
1142 786 1279 859 stupore,

479 874 588 937 Lucem
611 877 703 954 ipsam
727 884 755 936 et
777 877 887 937 nudum
912 896 969 937 non
992 882 1180 956 agnoscentia
1202 899 1320 953 verum,

441 996 466 1037 ao
482 975 649 1038 ubuuctum
672 976 788 1039 nebulis
811 997 916 1039 canum
938 979 1112 1042 admirantia
1136 983 1250 1043 lucum!

477 1078 543 1140 Non
565 1079 713 1141 homiuem
736 1098 828 1158 penes
850 1089 894 1141 est
916 1082 1033 1144 ecclesie
1056 1085 1222 1161 expendere
1245 1084 1371 1145 donum:

478 1181 592 1243 Nedum
616 1181 673 1242 hoc
695 1181 742 1244 ille
766 1182 840 1243 latro
863 1183 1039 1244 sceleratum
1064 1186 1169 1247 conciat
1191 1189 1222 1246 in
1245 1188 1347 1248 risum!

477 1283 551 1345 Tum
575 1292 715 1363 quantum
738 1303 755 1345 a
778 1284 893 1345 Claristo
916 1294 960 1347 est
982 1286 1125 1356 alienum,
1149 1288 1206 1349 hoc
1228 1290 1308 1368 pacis
1330 1287 1474 1360 alumno,

477 1386 627 1462 Sanguine
650 1387 868 1449 commaculare
890 1407 995 1449 manus
1018 1397 1046 1450 et
1069 1390 1149 1452 caecle
1172 1389 1297 1452 netanua

437 1506 462 1546 aa
478 1489 651 1556 Periurere;
675 1486 722 1548 iila
744 1497 842 1551 autem
866 1490 969 1550 divinae
991 1490 1130 1552 habitatio
1153 1495 1235 1572 pacis

476 1590 538 1662 Oua
562 1596 641 1650 sorte
663 1588 796 1652 haeredes
819 1589 948 1652 Ecclesia
973 1595 1050 1654 venit
1072 1593 1108 1654 ael
1132 1595 1221 1655 istos?

468 1692 619 1753 ‘Praeterea
643 1692 708 1772 quis
731 1699 811 1753 recta
833 1695 916 1772 sequi
941 1697 1109 1774 iuratumque
1132 1697 1208 1757 tueri

474 1793 604 1855 Ulterius
626 1800 760 1855 sanctum
784 1794 888 1862 ducet,
912 1797 935 1856 si
959 1797 1078 1875 praemia
1102 1799 1166 1857 vitea

474 1895 524 1957 llle
547 1897 622 1957 ierat
644 1914 761 1957 morum
784 1904 867 1975 parte
890 1899 1058 1976 inquinatus
1081 1899 1117 1959 ab
1141 1901 1239 1960 omni?

435 2018 461 2058 ao
475 1997 525 2060 llle
548 1998 637 2068 ierat,
661 2016 719 2059 non
744 2001 800 2070 cir,
825 2001 874 2078 qui
896 2017 963 2077 quae
985 2001 1152 2080 patiturque.
1176 2001 1316 2081 iecitque.

471 2100 502 2161 Si
523 2098 638 2162 tribuas
659 2119 780 2172 aurum,
804 2101 952 2181 faciasque
976 2104 1037 2179 ipse
1061 2110 1089 2164 et
1111 2105 1245 2181 pallaria,

472 2201 625 2264 Celadonat
646 2202 801 2282 labemque
824 2202 922 2264 adimit
947 2203 1112 2284 parcamque
1135 2206 1267 2267 reducit?

473 2305 588 2366 Siccine
612 2323 660 2367 res
681 2324 822 2386 superum
847 2316 890 2367 est
912 2305 1041 2367 humano
1063 2306 1191 2368 obitoria
1214 2308 1302 2369 ludo?

473 2406 550 2479 Quin
573 2409 702 2468 animum
725 2410 872 2488 capimus
897 2410 988 2477 cives,
1013 2409 1049 2469 ad
1074 2427 1185 2488 nosqrre
1208 2410 1355 2479 redimus,

434 2531 459 2570 u
475 2511 510 2571 Et
532 2519 613 2573 recte
636 2520 722 2591 atque
745 2512 792 2590 pie
816 2511 945 2571 viventes
967 2529 1080 2572 summa
1105 2519 1243 2590 putamus

470 2612 570 2692 llegua
593 2614 680 2674 deum
703 2611 788 2673 uoltis
810 2631 945 2682 cessura,
969 2615 1106 2691 ipsosque
1129 2612 1230 2673 beatos

469 2716 506 2777 Et
527 2725 644 2777 sanctos
666 2716 744 2784 lieri.
768 2733 842 2794 quos
865 2733 923 2775 non
946 2716 1147 2776 sanctissimus
1170 2714 1235 2783 ille,

471 2817 579 2879 Verum
595 2837 685 2898 opera
702 2819 762 2896 ipsa
780 2817 884 2884 heantz
901 2817 1062 2896 callemque
1079 2834 1205 2896 superna
1223 2815 1395 2886 recludunt,

468 2921 551 2982 Haud
574 2920 682 2991 claves,
707 2906 819 2979 ruallum
842 2936 914 2997 quas
937 2919 984 2979 liic
1006 2926 1152 2979 veterator
1174 2919 1202 2979 in
1227 2937 1310 2979 usum

429 3043 455 3084 ao
470 3022 604 3086 &tendit
626 3020 736 3102 populo
760 3023 906 3099 iactatque
929 3022 959 3081 in
982 3020 1106 3098 simplici
1129 3020 1225 3081 turba.

863 3178 955 3221 riuis.

432 3415 522 3464 IVLll
541 3416 587 3465 ,11.
606 3413 754 3465 LIGVRIS
773 3414 982 3465 PONTIFICIS
1001 3415 1136 3464 MAXIMI
1155 3413 1385 3464 EPlTAPillVM

735 3499 910 3550 flvu'ruuo
929 3499 1085 3558 auctoni).

471 3619 532 3680 lloc
555 3620 663 3698 tegitur
685 3618 798 3680 tumulo
821 3625 922 3698 pastor
943 3617 1044 3696 lupus,
1068 3617 1130 3688 illc,
1154 3617 1268 3680 solebat

554 3721 686 3782 l'emlere
708 3723 758 3800 qrri
780 3720 890 3790 bullas,
914 3722 1037 3800 ipseque
1060 3719 1138 3781 bulla
1163 3722 1222 3781 luit.

529 3861 737 3910 suncampus,
762 3861 856 3903 CITRA
879 3861 1014 3902 Pournu.
1048 3861 1127 3903 ZBLO
1150 3859 1284 3901 PATRIAE.

328 4064 382 4114 llic
400 4064 602 4113 memorandum
623 4079 683 4113 osse
702 4063 823 4124 ridetur,
844 4064 968 4127 quamvis
987 4078 1058 4112 anno
1077 4063 1184 4112 demum
1205 4060 1277 4112 1520.
1291 4059 1464 4126 publicatum

613 4148 841 4198 lIPl'l'Al'llIVll
860 4149 992 4198 BVLLAE
1011 4149 1144 4198 LEONIS
1163 4149 1195 4198 X.

261 4235 330 4301 quod
350 4232 454 4298 dialogi
471 4231 553 4282 Bulla
571 4230 651 4281 finem
671 4234 754 4294 iacit,
774 4233 827 4283 vol.
842 4233 907 4285 illl.
921 4250 946 4299 p.
960 4230 1019 4282 331.

398 4335 576 4346 ,-.-.------
605 4337 780 4344 v--——-—--
792 4335 1413 4346 -———-—-—--—————-·¹

325 4440 348 4474 ⁴⁰
366 4442 403 4492 ci.
418 4445 504 4508 epigr.
519 4442 575 4493 147.
589 4459 615 4493 v.
628 4442 653 4493 u.
668 4447 696 4493 et
708 4421 802 4509 Epigr.
818 4442 852 4492 ael
866 4441 977 4493 Crotum
993 4441 1014 4491 l.
1029 4458 1053 4493 r.
1068 4443 1092 4493 7.
1129 4441 1151 4475 ⁴¹³
1164 4443 1199 4493 ci.
1214 4443 1311 4493 lacobi
1330 4459 1372 4508 ep.
1385 4442 1422 4493 11.
1438 4442 1479 4495 14.
1493 4457 1556 4509 sqq.

325 4527 385 4577 Hoc
411 4528 582 4594 epitaphium
600 4546 646 4578 orn.
661 4532 685 4578 2.
695 4532 720 4578 3.
736 4529 839 4578 tuanen.
859 4529 929 4578 deuu
948 4532 994 4578 ool.
1010 4534 1050 4576 m.
1063 4545 1090 4592 p.
1106 4533 1163 4580 117.
1178 4545 1214 4577 ea:
1232 4527 1397 4577 curatura.
1410 4531 1453 4577 111.
1466 4545 1493 4592 p.
1509 4532 1555 4578 45.

257 4626 339 4663 urar.
354 4629 380 4663 ι.
399 4628 446 4663 ona
459 4616 484 4664 4.
539 4629 616 4664 aruc.
630 4611 690 4679 etc]
709 4630 756 4662 om.
771 4617 796 4664 4.
