3294 5408
176 358 253 430 3¹2
362 387 510 424 sensuum
523 385 618 422 BERV!
630 385 798 421 vestinum!
812 383 1005 422 rnnnusmcvs
1018 386 1037 420 1.
1050 384 1287 421 usuusuuucon.

324 564 362 606 us
378 546 503 619 ‘Antiqui
520 545 755 617 scebrss.,.quun
776 543 871 599 catum
893 551 919 598 44
940 549 1039 598 cunctu
1060 550 1168 600 44444444

377 632 502 704 ‘Inqenti
521 630 665 703 complexa
685 624 786 696 manuss
810 630 963 701 tecirqinis
982 630 1041 684 atao

376 714 501 775 ‘Inctodi
520 723 602 789 atque
622 714 718 770 1444444414Ι
737 715 811 786 cinqs'
828 714 955 786 dipnotsn
977 716 1089 781 amictu,

377 801 497 858 ‘Passus
516 809 541 858 et
560 801 672 873 exiqus's
689 816 751 872 quoe
772 804 836 855 sunt
856 800 988 854 4444444444
1008 801 1097 867 coire,

375 887 453 945 ‘Non
473 893 550 944 ortus
571 888 677 942 latuere
699 885 739 940 tui
756 885 857 956 procui
875 887 1069 951 astronomi,

324 992 362 1034 444
377 973 517 1030 ‘Grandia
540 971 575 1027 ab
593 972 648 1027 eois
664 975 817 1042 portarunt
837 985 955 1025 munera
975 984 1067 1041 reqes,
1181 1031 1187 1040 Ι

374 1059 448 1114 ‘Tus
467 1058 549 1113 simut
567 1063 595 1112 44
612 1057 727 1111 mirram
750 1056 891 1128 missaque
907 1057 1044 1127 potentius
1064 1071 1181 1116 aunan,-

375 1138 534 1214 ι’0144144444
549 1143 643 1197 latices
665 1155 759 1196 uersos
779 1142 807 1194 in
819 1141 923 1212 poculo
943 1139 1052 1195 Boccbi

375 1227 527 1295 ‘Mundus‚
549 1232 575 1282 et
594 1227 714 1298 admn'ssa
734 1226 835 1281 multos
854 1227 908 1280 iarn
927 1231 1013 1281 morte
1033 1231 1171 1297 receptos,

376 1313 483 1386 ‘Terqa
504 1315 610 1367 insueta
629 1318 729 1384 potens
748 1312 841 1384 qtaucs'
857 1316 903 1365 tna
922 1311 1021 1383 planta
1038 1312 1164 1366 cucurrit

323 1418 361 1458 sss
376 1398 514 1466 ‘Nereos,
532 1403 558 1452 et
576 1399 657 1454 uacus’
676 1396 723 1451 tibi
741 1399 828 1452 ianua
850 1397 931 1451 c'essit
951 1396 1068 1455 Auernis

375 1482 431 1539 ‘Te
452 1482 540 1556 Stpqii
558 1489 696 1538 tremuere
712 1482 804 1551 144444,
826 1488 851 1536 te
866 1481 990 1553 pallidus
1013 1480 1102 1536 Orcus

374 1568 472 1641 ‘Fuqit
489 1575 514 1624 44
532 1568 680 1624 admissam
698 1567 840 1623 4444144444
861 1568 889 1620 in
911 1566 1033 1622 Tartara
1054 1567 1156 1628 lucen·
1257 1597 1264 1614 .

348 1676 350 1680 ⁷
374 1653 459 1709 ‘Turn
476 1669 540 1735 aequ
562 1653 608 1708 41144
629 1660 704 1710 aetus
721 1666 922 1723 numerosaque
943 1650 1024 1707 turba
1037 1653 1150 1722 piorum

376 1738 516 1795 ‘Postibus
533 1736 742 1803 cuersssIdrebi
759 1737 915 1810 fractisque
935 1736 1058 1792 catbenis

323 1840 362 1884 444
376 1828 390 1867 ‘·
397 1823 509 1881 Vindice
527 1829 551 1879 te
570 1837 691 1896 superas
707 1825 807 1880 uictrix
827 1824 936 1877 emersit
955 1821 995 1877 ad
1011 1834 1107 1877 auras.
1174 1826 1180 1842 ·

374 1908 513 1982 ‘Denique
533 1909 684 1976 4144414444,
705 1910 732 1963 si
748 1915 773 1962 44
794 1909 856 1979 ipsa
878 1908 1008 1963 elementa
1030 1913 1197 1978 sequuntur,

375 1992 593 2066 ‘observantque
611 1999 670 2050 tuos
687 1993 805 2048 tabentia
828 1999 950 2065 tempora
972 1998 1068 2058 44444444,

374 2080 496 2136 ‘Dexter
514 2081 581 2135 odes
603 2082 722 2152 cousque
742 2080 812 2150 piis,
831 2083 929 2150 pater,
953 2092 1062 2144 onnus,
1084 2083 1110 2133 et
1128 2075 1210 2132 arom

375 2166 472 2222 ‘Hanc
493 2165 539 2222 tibi
554 2171 720 2236 perpensam
736 2165 870 2235 prasenti
889 2165 1000 2219 numine
1017 2164 1117 2234 firna‚·

322 2269 360 2310 444
375 2251 435 2307 ‘Ito
455 2251 590 2322 poputum
608 2251 722 2321 antiqua
743 2264 773 2303 se
795 2249 934 2320 rettiqione
955 2250 1027 2304 tueri

373 2336 592 2409 ‘successusque
608 2348 711 2407 cupere
730 2348 809 2400 suos,
832 2334 869 2388 da
889 2333 1041 2406 prandibns
1055 2334 1131 2388 ausis
1209 2370 1214 2389 .

374 2421 480 2494 ‘Diqua
501 2426 610 2489 44444444,
629 2435 751 2492 precor,·
772 2419 852 2474 stabit
871 2421 931 2474 sine
952 2418 1030 2474 diaitc
1050 2418 1125 2473 cuttu

315 2535 318 2539 ·
374 2505 471 2562 ‘Nunc
491 2505 552 2561 boec
564 2522 673 2578 paruo,
696 2512 740 2560 tuo
758 2521 821 2576 quae
842 2505 949 2559 nomine
969 2504 1084 2570 totlitur,
1103 2521 1172 2565 aro,-

374 2589 474 2647 ‘Nuda
495 2592 565 2647 colet
581 2592 685 2662 pictos,
707 2605 741 2644 ac
762 2591 789 2644 si
805 2605 859 2644 non
883 2591 962 2645 irrito
983 2597 1044 2644 uota

322 2693 360 2736 444
376 2677 460 2733 ‘Haec
479 2675 601 2748 suerint,
623 2681 729 2730 centum
750 2673 793 2729 bis
814 2676 896 2731 444444
914 2673 960 2729 tibi
978 2673 1098 2746 prandia
1119 2677 1218 2748 tempta

374 2761 576 2835 ‘Ooeiitibusque
597 2763 648 2816 44414
669 2759 819 2815 radiabunt
837 2774 977 2814 marmore
997 2765 1022 2814 44
1039 2757 1129 2814 auro'.

372 2848 465 2915 duait,
488 2855 514 2902 et
534 2847 647 2905 intonuit
664 2847 732 2901 14444
753 2844 787 2900 414
800 2850 886 2917 porte
904 2859 1047 2910 serenum,

372 2933 559 3005 laveruntque
577 2922 678 3003 preces
693 2931 794 3002 popub'
816 2947 871 2986 non
892 2929 1016 3002 improba
1039 2937 1099 2984 uota

372 3019 409 3072 Et
424 3018 508 3090 fauor
528 3023 555 3072 et
575 3018 662 3071 tacius
680 3022 840 3087 conceptum
862 3014 993 3070 mentibus
1012 3030 1106 3071 omen.-

321 3104 435 3161 44414444
453 3102 521 3158 deus
543 3109 569 3158 et
588 3103 656 3157 tatis
677 3101 795 3157 tabentia
813 3101 941 3156 cursibus
960 3106 1038 3155 ostra

372 3186 458 3260 Siqua
479 3186 583 3242 dabant
603 3186 751 3259 manifesta
764 3187 847 3259 patos
866 3189 921 3241 iam
943 3186 1048 3241 mollior
1070 3202 1161 3243 annus

370 3274 408 3328 Et
426 3273 552 3346 formosa
572 3273 630 3327 dies
650 3273 761 3340 aderat,
782 3274 808 3328 si
826 3287 892 3327 uera
912 3277 1036 3329 retusus

371 3358 441 3414 Haec
462 3359 513 3414 bea
533 3359 581 3414 4114
598 3356 665 3429 fuit,
684 3357 786 3413 mundo
805 3374 869 3430 quse
882 3358 975 3428 prima
996 3359 1101 3412 44444444Ι

372 3443 474 3512 Futsit,
496 3449 523 3500 et
546 3458 562 3499 4
582 3457 687 3497 sunno
709 3445 820 3497 missam
841 3459 904 3515 qua
924 3443 1008 3497 sensit
1026 3443 1140 3516 Olympo

319 3546 358 3586 444
374 3529 472 3585 Prima
493 3528 540 3584 dei
558 3527 685 3583 441441444.
703 3528 873 3600 plaudebant
893 3528 984 3583 omnia
1006 3531 1113 3601 captis,

371 3614 612 3688 Sydera‚·terra,
633 3612 738 3685 fretum
754 3613 922 3686 fervensque
939 3613 1095 3669 accentibus
1116 3616 1211 3672 atbar.

370 3700 432 3756 Ian
454 3713 518 3758 uera
534 3713 666 3771 superum
688 3699 804 3754 monitus
820 3706 847 3754 et
866 3700 928 3754 laeta
950 3705 1051 3754 secuta

373 3786 469 3842 Omina
484 3786 555 3841 mitte
575 3799 674 3839 suanus
694 3799 866 3857 operosaque
884 3783 1015 3839 1444441444
1033 3785 1105 3840 mite

371 3869 437 3926 Sese
458 3871 538 3942 open¹
557 3869 723 3943 expediunt,
742 3884 815 3941 pars
836 3869 896 3925 14444
914 3869 1081 3942 fundamina
1102 3875 1192 3928 sacris

318 3970 356 4011 sss
370 3955 467 4011 Prima
489 3957 581 4012 1444444
597 3956 670 4025 aris,
692 3958 795 4011 instant
808 3969 883 4028 pars
901 3955 1032 4011 claudere
1052 3957 1128 4012 suico

369 4041 407 4096 Et
425 4057 482 4114 quo
505 4045 574 4096 44444
593 4039 655 4112 [444
673 4055 724 4097 nee
745 4040 837 4096 adbuc
858 4040 987 4095 miranda
1006 4041 1114 4097 sederet

371 4127 471 4195 Curia,
492 4126 543 4182 sed
562 4126 669 4198 quotam
687 4141 781 4182 44444444
799 4125 916 4198 [ortana
932 4126 1053 4181 sinebat:

371 4209 416 4267 Sic
435 4210 562 4285 fervebat
579 4225 648 4284 opus
661 4213 820 4284 passimque
840 4213 952 4284 antiqua
973 4212 1095 4268 iocorum

368 4296 475 4353 Mutari
494 4297 599 4369 facies,
617 4313 674 4369 pro
694 4298 782 4353 culmo
801 4298 919 4371 ulaoque
934 4297 1058 4370 palustri

318 4406 357 4448 490
371 4383 545 4456 Consurqunt
563 4382 662 4455 sraqs'ls'
676 4389 771 4455 postes
792 4388 818 4438 et
839 4384 932 4437 limbsa
953 4389 1046 4439 teuta:

233 4662 267 4697 Μ
285 4670 342 4716 tros
362 4682 450 4733 reges.
501 4664 536 4698 ⁴⁵¹
553 4683 643 4733 aquom
661 4672 685 4716 tn
703 4669 784 4717 4414444444
800 4669 953 4718 inusitatam.
1012 4665 1046 4701 ⁴³⁸
1062 4673 1217 4720 mortuarum
1236 4670 1465 4724 resuscitationes.

166 4747 199 4782 ⁴³⁴
216 4765 295 4817 super
311 4753 522 4817 nureiuqressus.
575 4749 609 4785 ⁴²⁸
627 4750 667 4816 Cf.
679 4767 760 4816 supra
777 4753 813 4803 ad
828 4769 852 4806 o.
867 4751 924 4803 lob.
