3294 5408
188 370 201 442 l
213 370 260 442 50
284 395 956 443 ssitlntmcms.ttA11ttxt.tAttvttvrButnvtrltt
968 395 1093 430 ultumos
1105 394 1477 438 ΡΒΟΕΕΜΧΗΟΕΤΔΤΟΒΠΙ.

387 552 551 625 Quinetiam
575 549 717 629 obsequio
739 549 794 610 tibi
814 551 984 610 coniurasse
1007 550 1105 609 futuro

339 674 377 717 xer
474 653 582 713 Notum
604 659 649 712 est
672 657 701 711 et
723 651 834 712 dextris
858 650 952 710 iterius
975 652 1062 710 inisse
1085 651 1174 718 datis,

386 754 425 815 Ut
445 755 469 814 si
492 770 571 816 nunc
594 753 751 831 quicquam
774 769 829 830 pro
851 760 880 814 tc
904 753 1001 812 minus
1023 753 1119 829 egerit
1140 771 1274 832 mquum.

471 854 587 916 Perfida
609 854 665 915 diis
685 853 758 933 ipsis
780 853 903 915 testibus
926 871 1007 913 arma
1029 861 1122 930 gerat.

386 958 530 1018 'l'rnxerat
550 955 629 1016 Eoos
651 955 832 1016 Balarorum
854 956 884 1014 in
908 972 977 1014 rure
1001 953 1149 1014 Bohemos

336 1079 374 1120 xeo
470 1056 534 1117 ltux
557 1056 667 1125 Rheni,
691 1065 720 1116 et
742 1072 848 1132 magno
872 1063 917 1117 est
938 1073 1012 1133 gens
1033 1063 1083 1116 tua
1106 1074 1208 1135 presse
1231 1064 1325 1118 metu:

388 1156 470 1219 lllico
492 1155 616 1218 sublatis
639 1159 813 1219 commisces
835 1155 934 1237 praelia
958 1158 1064 1232 signis,

474 1258 586 1338 Vixque
608 1266 660 1318 tuo
682 1259 802 1319 tandem
824 1256 916 1318 milite
938 1265 1039 1336 septus
1061 1259 1146 1329 eries,

391 1360 515 1432 Quando
530 1377 623 1421 unum
639 1358 681 1438 (ut
697 1360 772 1419 inme
789 1359 841 1439 est}
859 1358 972 1421 modios
987 1360 1071 1420 luror
1086 1362 1146 1438 egit
1161 1363 1189 1421 in
1205 1360 1306 1423 hostes

339 1484 377 1526 sm
472 1461 638 1522 ludentem
661 1462 756 1540 prima
779 1479 939 1522 conserere
961 1479 1044 1521 arma
1066 1463 1129 1522 acie

389 1564 561 1641 Ingentique
583 1563 681 1623 animo
703 1561 847 1641 populum
870 1560 990 1623 turbere
1012 1564 1158 1633 ferocem,

476 1664 548 1725 Cum
571 1665 628 1724 inm
649 1662 777 1725 telorum
800 1671 902 1743 septus
925 1662 961 1725 ab
986 1662 1080 1724 imbre
1103 1665 1191 1724 iores.

390 1766 465 1827 Hinc
487 1764 712 1843 spolidis·dives
734 1783 869 1844 caesoque
893 1784 928 1825 ex
952 1765 1036 1825 hoste
1057 1772 1209 1843 superstes

339 1888 377 1930 ooo
473 1867 567 1927 Marte
589 1865 713 1927 Palatini
736 1872 831 1926 castra
853 1864 946 1927 leonis
967 1868 1040 1927 ndis.

391 1967 524 2039 Quorum
548 1985 601 2028 cur
623 1966 773 2028 modicum
790 1967 868 2050 livor
891 1967 943 2027 tibi
966 1968 1074 2046 pendat
1096 1969 1255 2038 honorem,

477 2069 562 2142 Quod
585 2086 662 2148 pene
683 2069 713 2128 in
736 2069 832 2146 patrio
855 2078 899 2130 est
922 2087 969 2130 res
992 2069 1044 2130 tibi
1067 2077 1148 2149 gesta
1172 2071 1250 2141 solo,

390 2259 460 2328 Quin
482 2260 562 2315 etium
585 2257 717 2332 obsequio
741 2257 789 2313 tibi
812 2258 969 2315 coniurasse
993 2258 1085 2315 iuturo

475 2343 575 2399 Notum
597 2349 689 2399 estet
711 2341 807 2397 dextra
831 2342 918 2398 lentius
942 2343 1024 2399 inisse
1048 2345 1125 2405 fletu,

393 2429 426 2485 Ut
448 2428 470 2485 si
494 2445 565 2485 nunc
587 2427 731 2501 quicquum
754 2443 806 2501 pro
831 2433 856 2484 te
879 2427 967 2483 minus
990 2430 1077 2501 egerit
1099 2446 1221 2502 mquum,

340 2529 378 2570 nno
473 2511 577 2568 Perlida
599 2511 651 2568 diis
674 2510 741 2586 ipsis
763 2511 880 2567 testibus
902 2529 975 2567 arma
998 2521 1083 2586 gerat.

389 2599 522 2655 Duxerat
543 2595 615 2653 Eoos
637 2599 664 2652 in
689 2596 793 2651 Norica
815 2598 912 2668 iugera
933 2598 1035 2653 Bemos

476 2681 532 2737 Dux
553 2681 655 2745 Rheni,
679 2688 707 2737 et
728 2697 828 2754 magno
850 2689 893 2736 est
915 2699 982 2754 gens
1005 2690 1052 2738 tun
1074 2699 1167 2756 pressu
1191 2692 1279 2739 metu:

391 2767 467 2823 illico
489 2765 605 2822 sublatis
627 2766 768 2822 committis
790 2764 884 2840 praelia
907 2767 1006 2840 signis.

340 2842 381 2910 etl
477 2851 580 2924 Vixque
602 2858 651 2907 tuo
674 2848 781 2906 tandem
804 2850 891 2906 milite
914 2858 1009 2925 septus
1032 2851 1108 2907 ades:

393 2936 449 2992 Hic
471 2952 555 2991 unum
579 2930 619 3010 (ut
642 2935 711 2990 inme
734 2932 785 3012 est)
809 2935 912 2991 medios
935 2934 1013 2992 furor
1034 2937 1091 3008 egit
1114 2937 1140 2992 in
1164 2938 1273 2998 hostes,

478 3020 590 3076 Diceris
611 3026 636 3074 et
654 3021 764 3092 primus
786 3021 959 3076 conserente
980 3035 1079 3075 tiranno
1114 3090 1118 3096 ,

394 3105 557 3180 Ingentique
579 3103 669 3161 animo
692 3102 809 3179 populor
827 3103 939 3177 fudisse
957 3104 1077 3169 seroces,

328 3174 383 3217 ‘³³⁸
478 3189 544 3245 Cum
567 3189 619 3246 iam
642 3188 757 3245 telorum
781 3195 876 3264 septus
898 3187 931 3244 ab
954 3189 1040 3245 imbre
1063 3190 1151 3252 iorem
1427 3207 1483 3260 (eon

395 3274 546 3343 Quinctium
568 3289 606 3329 ex
626 3290 725 3346 campo
746 3290 801 3329 non
824 3276 864 3331 nis
886 3275 1033 3329 redducier
1055 3275 1114 3342 itte,

478 3360 574 3415 Donec
596 3361 624 3414 in
646 3359 723 3414 noste
743 3375 827 3415 unum
851 3375 905 3414 non
926 3360 1010 3431 liquet
1028 3348 1202 3415 esse'oirum.

395 3444 462 3501 ilinc
484 3442 581 3518 spoliis
604 3444 677 3500 dives
699 3460 825 3517 caesoque
848 3460 880 3498 ex
903 3443 982 3500 hoste
1005 3451 1145 3519 superstes
1427 3461 1483 3512 (coe)

339 3544 378 3585 nto
476 3529 545 3584 lure
565 3528 716 3585 Palatinum
738 3528 826 3584 tendis
844 3529 915 3583 inire
936 3528 1042 3583 durem.
1427 3546 1485 3597 (eoo)

392 3614 472 3682 Quod
488 3630 543 3669 non
560 3615 649 3685 ptura
674 3616 714 3669 tui
731 3612 824 3685 fecisti
844 3620 965 3685 tempore
986 3615 1078 3684 requi,

477 3699 515 3754 Et
532 3714 602 3774 pene
624 3698 765 3774 lupatria
789 3705 831 3754 est
853 3715 897 3754 res
921 3697 969 3753 uti
992 3705 1069 3770 gesta
1091 3705 1154 3768 tuo,
1413 3714 1486 3766 queo)

258 3881 293 3918 *θ’
316 3884 454 3951 Repertus
479 3881 638 3941 Palatinus,
669 3879 793 3946 Philippi
821 3877 950 3930 electoris
978 3878 1064 3942 filius,
1096 3879 1210 3945 Georgii
1237 3880 1333 3931 divitie
1357 3880 1486 3930 Beveriae

191 3968 411 4021 Lundrhnteneis
429 3966 508 4017 <lucie
527 3963 657 4028 (†1503.)
676 3978 769 4029 gener,
790 3964 825 4013 nb
844 3963 896 4015 hoe
915 3979 1011 4015 socero
1030 3980 1079 4016 suo
1096 3964 1178 4016 heres
1196 3967 1323 4031 scriptus,
1345 3980 1404 4015 cum
1424 3980 1486 4015 een·

191 4055 311 4105 tentiam
329 4051 499 4119 imperialem
518 4047 599 4100 (1.20.
613 4048 677 4114 Apr.
692 4064 717 4098 n.
733 4047 806 4100 1504.
825 4049 860 4098 de
877 4048 1034 4100 hereditate
1054 4050 1212 4116 Georgicon
1231 4050 1266 4100 ed
1285 4049 1421 4114 adgnatos
1440 4049 1485 4099 At-

192 4139 301 4191 bertum
312 4137 565 4205 Wolignngumque
577 4133 789 4185 Monechieneee
803 4133 886 4184 duces
899 4135 1054 4200 pertinente
1073 4150 1127 4184 non
1146 4134 1337 4201 adgnosceret,
1358 4149 1420 4183 cum
1438 4149 1486 4200 pu·

194 4228 235 4275 tre
253 4222 383 4289 Philippo
407 4220 576 4289 proscriptus
596 4219 631 4269 nb
650 4219 715 4286 imp.
729 4218 817 4270 hostie
835 4219 943 4284 imperii
962 4219 1121 4270 declaratus
1138 4218 1274 4270 Bohemos
1293 4218 1420 4268 mercede
1439 4219 1485 4268 de-

193 4309 320 4360 fensores
339 4308 394 4357 eibi
413 4305 558 4367 conduxit,
584 4318 651 4369 quoe
675 4302 748 4370 apud
766 4303 949 4355 Ratiebonum
966 4303 1174 4354 Maximilinnus
1193 4304 1277 4364 indit,
1303 4308 1486 4368 quattuorque

194 4393 387 4455 exercitibuu,l
401 4405 512 4458 quorum
535 4400 618 4438 unum
642 4389 701 4455 ipee
726 4388 816 4450 (luxit,
841 4388 1031 4440 Pelntinntum
1054 4389 1164 4438 invasit.
1200 4389 1340 4464 Defqneto
1364 4389 1487 4454 liuperto

195 4476 233 4539 (d.
247 4475 289 4527 to,
303 4478 372 4543 Aug.
387 4492 412 4527 n.
429 4473 514 4540 1504.)
534 4475 682 4540 imperator
699 4489 797 4539 pacem
821 4473 946 4524 omnibus
965 4473 1064 4523 indixit
1084 4477 1111 4524 et
1129 4476 1157 4522 in
1177 4474 1298 4524 comitiis
1317 4472 1487 4523 Coloniensi·

194 4561 246 4612 bun
263 4562 421 4627 inroqnenti
440 4564 540 4612 aeetnte
558 4558 663 4609 habitio
681 4558 777 4609 divinis
795 4559 869 4610 inter
882 4557 985 4622 'partes
1008 4559 1090 4608 terrie
1112 4557 1243 4624 litigiosis
1263 4557 1373 4610 eusdem
1391 4572 1486 4608 recon-

196 4644 314 4696 ciliavit.
333 4645 476 4697 (listron.
491 4644 508 4695 l.
524 4660 547 4694 c.
561 4645 601 4705 §5-
615 4659 661 4693 xx.
675 4657 714 4707 eq.
768 4642 800 4674 ³⁹²
819 4644 959 4708 utsupra
979 4658 1003 4693 v.
1017 4641 1076 4693 534.

262 4725 297 4760 '¹'
316 4745 413 4795 equum
433 4733 457 4780 1.
510 4727 543 4761 ⁸²⁹
561 4727 651 4778 Aenon
670 4732 693 4776 1.
748 4725 782 4758 ³³⁰
800 4729 902 4792 preesse
923 4732 945 4777 1.
999 4725 1031 4758 ³³³
1051 4727 1119 4792 mgit
1137 4729 1161 4776 1.
