3294 5408
158 361 207 454 141
219 364 240 431 0
396 392 519 428 RVT'I'EM
534 392 563 425 ln
579 391 694 427 loannis
708 393 743 427 D!
756 393 866 428 HVTTEN
880 392 1037 429 lurcium
1049 395 1256 432 nurnonmo.

369 545 506 605 Occurrit
527 548 662 626 raptique
685 549 740 607 ioci
762 548 985 626 interruptaque
1008 567 1098 611 cursu

368 647 480 710 Gaudia
504 650 647 729 praecipiti
670 655 699 710 et
720 648 853 709 nondum
876 651 976 711 satiata
1001 652 1126 729 cupido,

317 771 355 811 aas
371 750 428 810 Sed
451 757 537 829 rapto
559 768 700 811 succensa
722 751 820 811 animo
842 751 1018 831 viduataque
1040 753 1120 815 dulci

368 851 469 912 Infelix
492 860 630 914 consorte
652 852 746 923 dolet,
771 871 827 914 nec
848 853 974 915 amabile
997 873 1119 916 carmen

368 952 401 1012 ln
425 955 521 1015 medio
543 963 640 1017 versat
660 955 750 1016 luctu.
774 957 818 1016 sic
839 963 961 1016 mmstus
982 956 1120 1036 adempta

368 1055 479 1133 dliligit
500 1075 533 1117 se
555 1064 654 1118 turtur
676 1076 729 1118 ave
751 1058 880 1136 iletuque
903 1058 1004 1134 latigat

369 1157 407 1218 Et
428 1158 554 1237 querulo
577 1160 685 1239 lrangit
707 1162 817 1239 gemitu
839 1158 981 1239 solusque
1003 1159 1106 1221 relicto

319 1280 357 1321 rto
372 1260 504 1322 considit
525 1262 595 1322 nido
632 1262 816 1340 desertisque
838 1262 948 1323 involat
968 1261 1083 1323 umbris

368 1365 481 1425 Amissa
504 1362 609 1442 lugens
630 1366 725 1434 socia,
748 1382 805 1425 nec
828 1366 884 1424 iam
908 1366 1020 1444 appetit
1041 1364 1118 1425 ullos

371 1466 451 1527 Ultra
475 1465 667 1535 concubitus,
691 1466 830 1546 nudoque
852 1484 908 1545 pcr
930 1467 1010 1527 arida
1034 1483 1118 1527 ramo

369 1568 516 1648 Prospicit
537 1577 567 1629 et
588 1568 726 1630 turbante
747 1570 824 1630 sitim
847 1569 1002 1645 restinguit
1024 1568 1060 1629 ab
1084 1570 1181 1639 unda;

368 1668 430 1732 Nec
452 1677 556 1750 questu
579 1672 713 1749 graviore
736 1689 845 1732 sonans
866 1670 1084 1750 lachrymabilis
1106 1670 1215 1749 implet

315 1789 354 1832 ru
370 1774 555 1833 Commotum
578 1772 738 1834 Philomela
762 1790 867 1834 nemus
888 1779 1052 1852 moeretqne
1074 1774 1214 1835 cauendo

370 1875 542 1936 Threicium
565 1876 612 1951 pia
635 1882 729 1936 mater
751 1875 835 1955 ltym.
858 1873 931 1945 Quis
953 1874 1077 1936 credere
1099 1884 1204 1954 posset

368 1978 425 2038 Tot
448 1984 506 2037 tam
527 1978 611 2038 triste
633 1976 720 2038 bonis
741 1995 807 2039 sese
830 1975 1035 2038 obiicientihus
1057 1977 1136 2038 ultro

368 2079 515 2157 lrreptum
538 2081 582 2140 ire
604 2078 712 2141 malurn
736 2087 767 2141 et
788 2080 884 2141 media
907 2081 986 2140 inter
1008 2078 1071 2140 irata
1094 2088 1225 2159 repente

368 2181 532 2243 Turbatum
554 2181 653 2242 induci
676 2187 808 2260 tempus,
832 2180 936 2243 fallace
958 2199 1065 2243 sereno

316 2303 355 2343 mo
371 2283 472 2358 Qualia
495 2289 630 2345 contecto
653 2283 805 2344 involvunt
823 2303 856 2344 se
878 2282 977 2344 nubila
1001 2283 1063 2344 sole

368 2387 570 2466 Ereptumque
593 2386 669 2447 diem
693 2386 855 2447 infuscant?
878 2386 957 2458 Quas
979 2386 1064 2446 anxia
1087 2386 1216 2449 fratrum

368 2487 468 2549 Turba
492 2495 590 2548 movet
611 2487 792 2568 lachrymas?
815 2506 887 2568 quas
909 2506 970 2548 non
992 2488 1094 2549 allecta
1117 2491 1230 2552 minori

370 2591 469 2652 bloesta
493 2589 595 2651 dolore
616 2592 720 2650 soror?
742 2589 822 2652 Talis
844 2610 876 2652 se
898 2592 1003 2651 lunere
1025 2589 1161 2668 planctus

373 2693 463 2754 hlovit
484 2691 521 2754 ab
545 2691 691 2753 Hectoreo
713 2700 785 2753 tunc
807 2711 875 2754 cnm
898 2691 1072 2754 miserabilis
1093 2711 1168 2754 auro

317 2814 355 2854 ua
371 2797 451 2858 Caesa
474 2795 648 2856 redemisset
669 2795 785 2873 genitor
807 2813 859 2855 sua
882 2796 1023 2874 pignora,
1047 2797 1160 2856 circum

370 2899 449 2960 Orba
473 2898 558 2960 sedet
580 2903 689 2967 mater,
713 2896 796 2959 sedet
819 2895 1009 2976 implacabilis
1031 2916 1107 2958 uror

329 3036 336 3047 -
369 3002 406 3062 Et
428 2999 509 3061 nullo
530 2999 696 3078 lachrymas
718 3000 789 3061 ssetu
811 3001 962 3061 minuente
983 3017 1119 3068 sorores,

370 3102 567 3180 Evelluntque
590 3119 689 3162 comas
712 3109 741 3163 et
762 3109 854 3165 tonsae
878 3109 997 3182 pectora
1021 3101 1125 3182 palmis

369 3209 474 3283 Ungue
496 3222 587 3283 genas
609 3203 755 3272 lacerant;
780 3206 879 3266 miseri
905 3203 1040 3282 lugubria
1063 3202 1172 3264 iratres

317 3325 355 3364 aco
371 3311 504 3387 Corpora
527 3308 557 3367 in
579 3308 647 3384 igne
669 3306 769 3367 locant
789 3307 975 3387 flammisque
998 3304 1154 3385 rapacibus
1177 3318 1278 3369 urunt

369 3411 444 3490 Spes
466 3411 568 3488 patriae
590 3409 783 3489 Danaumque
805 3417 916 3478 metus,
940 3415 1000 3470 tota
1023 3407 1098 3470 urbe
1122 3416 1251 3487 ragalim

368 3513 490 3581 himror,
514 3519 546 3572 ut
568 3510 694 3573 exclusis
716 3511 832 3573 dubites
853 3519 932 3573 stare
953 3512 1067 3589 integra
1090 3509 1177 3571 Grais

368 3616 512 3693 Pergama
535 3621 565 3674 et
586 3615 661 3675 intra
685 3616 765 3693 ipsos
787 3633 902 3692 quaeras
925 3632 1007 3676 arma
1029 3614 1124 3674 Attica
1146 3631 1273 3684 muros3

369 3716 475 3777 iliades
497 3715 641 3794 plangunt
664 3724 773 3777 matres
794 3718 955 3796 patriaque
976 3722 1133 3795 perempto

316 3840 355 3880 aas
371 3819 510 3880 Praesidio
533 3819 624 3885 cives,
648 3835 709 3877 uno
730 3837 796 3879 sese
818 3820 915 3879 omnia
940 3817 1058 3897 planctu

368 3920 463 3999 Atque
486 3939 546 3982 uno
570 3919 700 3981 clamore
723 3928 856 3990 movent,
880 3922 982 3999 Sygaea
1005 3919 1167 3981 refundunt

369 4024 478 4083 Littora
502 4041 577 4102 quos
599 4023 719 4102 capiunt
740 4023 862 4084 sonitus,
886 4022 947 4082 Nos
969 4023 1097 4100 segniter
1120 4022 1166 4081 isti

369 4126 398 4185 Si
421 4132 541 4186 teneant
561 4133 660 4185 motus
682 4131 769 4203 atque
792 4125 868 4185 hanc
890 4130 1025 4203 torpente
1048 4123 1171 4183 ileamus

369 4228 498 4288 Tristitia
521 4226 650 4298 cladem,
674 4234 813 4306 poterunt
834 4225 981 4306 sylvaeque
1003 4225 1131 4303 leraeque

172 4383 366 4392 ——.-—-————

234 4484 268 4517 ²⁸⁵
286 4485 397 4535 succisa
415 4484 505 4548 alt.
524 4480 558 4514 “⁴
577 4485 658 4532 sount
675 4489 704 4531 11.
725 4499 768 4532 sec
787 4486 814 4533 3.
885 4482 999 4545 lacrym.
1015 4485 1040 4532 3.
1104 4476 1138 4511 ²⁴⁵
1156 4478 1328 4532 Philemona
1349 4488 1407 4533 1.2.
1427 4483 1467 4533 Gi.

166 4570 201 4621 ed
224 4586 250 4620 v.
263 4569 306 4620 96.
327 4571 419 4620 adnot„
455 4566 688 4632 ²³²lacrymm,3.
730 4566 763 4598 ²⁵³
783 4565 1341 4632 v.253.sqq.]Cl'.Odysa.XX1111.i.f.
1379 4568 1413 4602 ¹⁸⁷
1431 4569 1466 4618 ln-

169 4670 277 4717 crymas
291 4659 317 4706 3.
381 4652 415 4685 ’θ’
427 4653 528 4704 Maeror
547 4656 573 4704 3.
638 4659 722 4714 reete,
740 4655 789 4703 ced
805 4660 897 4703 eontra
914 4654 1027 4703 auctoris
1045 4652 1260 4703 consuetudinem.
1326 4654 1423 4720 Graiis
1440 4658 1464 4706 3.

165 4736 199 4770 ²⁸⁵
217 4739 330 4804 Sigeum
348 4738 466 4789 Troadis
484 4739 711 4804 promontorium,
729 4738 777 4788 nbi
795 4738 868 4789 ostie
885 4737 1044 4789 Simoentis.
1097 4733 1130 4768 ²⁸⁸
1148 4736 1285 4802 silvaeque
1306 4742 1335 4791 3.
