3294 5408
108 420 113 434 ¹
188 354 260 428 320
287 384 436 424 ΙΛΒΙῐιῐιῐΟῘ
449 384 484 420 D!
497 384 613 421 'GBHM
625 385 708 422 vsms
722 386 867 424 APPABATV
880 388 1078 426 sustentent
1091 392 1212 429 (ΣΑΒΙΙΙ.
1227 379 1399 433 Ουῦῐῐιῖίο

318 571 322 579 ·
386 542 519 615 ‘Quisque
540 545 613 616 oequi
632 545 752 617 rectique
773 552 874 607 tenum
894 553 924 599 ut
942 548 1032 601 cultus
1053 549 1080 602 in
1102 567 1173 607 auro
1326 620 1329 626 Ι
1371 543 1482 632 [w

386 627 582 700 ‘Sublimisqae
600 628 699 683 tbrono
718 617 812 684 sideat
831 631 902 685 uelat
923 631 1026 686 arbiter
1044 634 1109 698 illis,

260 761 263 765 .
333 733 372 774 πω
386 712 566 786 ‘Purpureus
581 729 661 787 quem
683 715 755 769 uelat
773 714 873 782 bonos,
895 718 941 771 aui
961 717 1080 772 condida
1101 719 1203 786 barba,

384 797 542 855 ‘Subntaus
561 800 628 854 solio
650 802 730 854 tacite
749 800 908 856 moderatur
929 800 1050 859 habenis.

384 883 446 939 ‘lin
468 883 515 939 tibi
533 900 616 956 qaam
632 886 706 940 nullo
722 887 818 940 subeat
834 900 964 958 suprema
985 889 1098 943 tumultu

384 968 507 1024 ‘Limina
522 971 675 1041 patricius,
698 985 749 1025 neo
769 971 890 1042 supplex
910 972 1011 1027 ambiat
1031 974 1113 1040 ordo,

384 1053 503 1110 ‘Sancta
523 1054 574 1110 sed
589 1056 697 1110 immoto
712 1062 803 1110 seruet
823 1058 933 1129 oestiqia
955 1059 1020 1111 ritu.

331 1156 369 1197 ios
384 1138 498 1195 ‘Subter
516 1146 605 1195 strata
625 1139 685 1211 sori
704 1141 817 1211 trepidis
837 1142 964 1197 subsellia
984 1142 1094 1213 seruent

383 1224 484 1296 ‘Septa
505 1227 574 1280 reis.-
596 1227 649 1280 irae
663 1224 708 1280 liic
729 1231 847 1297 reqnant
865 1227 1009 1299 rabiesque
1030 1228 1160 1301 dolorque

383 1312 587 1382 ‘Ancipitesque
605 1318 691 1366 metus
711 1311 883 1383 infandaque
904 1329 1050 1367 murmura
1067 1315 1146 1386 aulai.

380 1394 457 1451 ‘Ima
480 1401 568 1472 tenent
586 1402 676 1451 sontes
695 1395 880 1468 damnataque
898 1400 1016 1453 crimina
1035 1403 1116 1453 soems

364 1479 559 1555 ’‘Suppliciis,
580 1483 694 1553 qemitus
714 1483 795 1537 coeais
813 1490 963 1555 traotoeqae
980 1490 1087 1538 catenas

329 1581 367 1622 suo
382 1564 534 1620 ‘insultant
555 1565 685 1622 tenebris:
708 1567 806 1641 quodsi
821 1583 985 1640 componere
1004 1570 1051 1641 sas
1073 1575 1114 1624 est

381 1650 513 1706 ‘Nomina
527 1646 672 1724 perpetuis
688 1650 751 1725 soto
772 1653 893 1708 debentia
913 1654 1009 1721 rebus,

381 1735 443 1792 ‘Sic
458 1737 562 1807 procul
581 1736 707 1792 abacis
727 1736 800 1809 Styx
820 1739 927 1794 sedibus
948 1745 1013 1794 atra
1035 1741 1149 1794 recessit

380 1820 558 1893 ‘infernique
579 1823 672 1890 mcum,
690 1824 730 1877 sic
753 1826 808 1877 iam
828 1826 918 1879 minus
939 1824 1062 1896 improba
1080 1827 1171 1895 poenm

379 1905 524 1974 ‘mems
542 1908 606 1961 dira
626 1909 693 1962 satis
710 1918 878 1980 eonsurqnnt
899 1910 1005 1964 mollius
1025 1927 1095 1964 arou

326 2005 365 2047 sos
380 1991 495 2066 ‘Elysiis
516 1994 604 2048 uicina
623 1994 703 2064 iuqis.
751 1993 848 2065 Tuque
865 1997 980 2066 impiqer
1001 1995 1076 2049 adsis

334 2134 336 2139 ,
378 2076 429 2132 ‘Et
450 2092 511 2132 mea
532 2077 671 2150 diqressus
689 2079 743 2133 late
760 2078 823 2133 binc
842 2082 951 2151 oestiqia
971 2095 1068 2134 seraa:

376 2161 446 2217 ‘Hoe
463 2164 579 2235 qeminoe
599 2180 720 2241 quarum
740 2145 946 2236 sastiqiacelsa
968 2165 1102 2220 coliumnoe
1330 2161 1468 2243 w*

377 2249 477 2304 ‘Astra
491 2254 590 2321 petant
609 2249 743 2304 scelerum
765 2250 844 2303 diras
866 2251 1024 2322 expendere
1040 2265 1139 2321 peenas

378 2333 533 2406 ‘Aspicient
550 2340 654 2403 sontem
673 2340 725 2388 toto
742 2349 793 2389 nee
816 2338 905 2390 maior
927 2337 957 2390 in
979 2335 1044 2391 orbe

327 2433 365 2474 sto
380 2417 516 2475 ‘iusticia
534 2426 590 2474 tam
608 2420 696 2474 cultus
713 2421 773 2475 erit.
791 2409 793 2419 ’
818 2420 875 2475 Sed
891 2423 1002 2492 suspice
1022 2421 1111 2493 qualis

378 2503 490 2576 ‘Fulqet
510 2520 586 2577 apex
606 2511 792 2578 quantumque
812 2506 902 2561 illisit
920 2507 1028 2577 syderis
1050 2507 1153 2573 instar,
1309 2503 1402 2588 12:2⁶·
1413 2506 1466 2541 ¹⁸*

377 2589 465 2646 ‘llum
481 2591 586 2662 procul
605 2587 666 2662 iqn'e
686 2593 779 2645 micat.-
798 2605 849 2646 nec
871 2607 933 2663 qum
954 2592 1074 2646 subiecta
1094 2592 1253 2647 recumbunt

305 2667 308 2674 ’
375 2674 451 2730 ‘Sint
467 2675 513 2730 tibi
528 2681 596 2730 tecta
617 2692 716 2730 maroc:
739 2676 792 2730 late
812 2675 873 2731 boea
893 2678 952 2730 sine
971 2683 1071 2731 currat
1089 2682 1115 2730 et
1134 2677 1180 2732 illa

375 2758 533 2828 ‘Porticus,
553 2767 578 2815 et
593 2763 696 2832 spaciis
712 2762 765 2815 late
784 2761 926 2817 discurrat
946 2764 1052 2834 apertis

323 2861 361 2903 sss
377 2845 477 2908 ‘Area,·
497 2846 548 2903 sed
561 2854 654 2918 postes
676 2854 702 2901 et
716 2847 876 2917 pulvinaria
897 2848 986 2903 diuum

375 2931 549 2986 ‘Laminibus
569 2946 664 2987 serua:
684 2947 748 2998 nec,
769 2946 840 3003 qaas
860 2940 922 3003 post
943 2940 1019 3004 terqa
1042 2932 1173 3004 relinquis

374 3016 537 3073 ‘Bassanas
553 3019 659 3071 maore
672 3017 767 3089 sores:
786 3021 915 3072 sacraria
935 3018 1033 3088 pandit

374 3101 522 3157 ‘Nascenti
538 3103 653 3174 qeminoe
669 3103 779 3157 tulerint
799 3105 845 3158 cui
862 3106 972 3157 nomina
992 3110 1094 3169 sortes,

373 3186 506 3243 ‘Nomina
524 3203 598 3243 nane
619 3178 843 3243 noetss'tenebm‘s
861 3191 1004 3255 immersa,
1024 3189 1074 3242 sed
1093 3189 1155 3242 olim

322 3288 360 3330 suo
374 3271 425 3328 ‘ln
447 3273 563 3328 medium
585 3279 700 3331 ventura
719 3273 799 3328 diem.
843 3272 905 3328 Iam
923 3275 1030 3343 respice
1046 3275 1141 3345 quates

374 3357 478 3431 ‘Virqo
499 3365 569 3414 tend
584 3358 676 3425 sedes,
699 3357 816 3413 celebrat
834 3376 916 3430 qaam
938 3367 1014 3413 terra
1030 3357 1199 3429 fretumque,

374 3442 548 3517 ‘Suspieiunt
567 3460 650 3517 quam
673 3445 773 3515 templa
790 3445 863 3515 poti,
885 3461 969 3516 quam
995 3443 1117 3498 Tartaro
1138 3460 1240 3500 rursus

374 3528 548 3603 ‘Effuqiunm
570 3530 665 3584 eadem
687 3530 797 3585 multum
814 3532 927 3584 statione
945 3531 1102 3601 propinqua

314 3646 320 3658 ·
372 3612 511 3672 ‘Miratur
530 3615 677 3688 laudatque
697 3616 771 3670 senis
783 3616 834 3686 pia
853 3616 946 3670 limina
964 3617 1046 3681 vatis,

320 3714 359 3755 sus
373 3698 456 3767 ‘Qaoe
467 3701 571 3773 procul
585 3703 699 3774 aquatis
717 3701 810 3755 tollunt
825 3715 855 3755 se
869 3701 1006 3773 frontibus
1021 3701 1102 3757 ultro.

371 3785 457 3843 ‘Haec
478 3792 569 3854 uetus,
591 3788 638 3841 illa
657 3800 770 3854 recens,
791 3785 880 3849 amba
899 3785 950 3841 sed
969 3787 1081 3857 oirqinis
1098 3803 1173 3842 aroe:

372 3870 445 3927 ‘Sed
464 3888 526 3946 quae
543 3871 644 3927 (lextra
666 3871 754 3937 sedet,
774 3887 857 3944 quam
878 3871 999 3943 supplex
1020 3871 1101 3926 turba
1122 3872 1224 3945 satique

371 3957 510 4013 ‘Assidais
528 3959 594 4013 votis
614 3957 787 4028 cumulatque
808 3956 909 4011 altaria
930 3957 1020 4024 donis,

372 4044 493 4097 ‘Assidel
510 4042 574 4098 liuic
593 4048 684 4098 mustos
700 4044 855 4097 succinctus
877 4045 995 4109 murice,
1015 4042 1137 4113 palmam

207 4160 209 4163 v
317 4142 356 4186 sss
371 4128 546 4184 ‘Concutiens
568 4128 685 4196 dextra,
707 4127 865 4201 sublimique
882 4126 987 4200 bospite
1007 4127 1117 4199 qoudet.

234 4327 268 4363 Μ
286 4331 325 4381 Le
340 4331 461 4397 prtqiont.
514 4328 548 4362 Μ
567 4331 677 4381 Cotonne
696 4329 725 4379 dt
740 4331 830 4394 piazza
846 4345 868 4379 s.
879 4330 1017 4394 piazzetta,
1037 4329 1096 4378 daoe
1112 4344 1148 4378 ex
1168 4329 1251 4380 tribas
1271 4329 1452 4381 Constantino·

165 4419 220 4481 poti
236 4419 333 4483 ereptis
349 4423 493 4482 supersunt,
512 4433 616 4483 quarum
634 4419 719 4466 attero
730 4415 818 4466 Marci
833 4417 928 4465 leonem
946 4417 1047 4471 alatum,
1064 4421 1176 4464 sanetum
1192 4416 1349 4466 Tlteodorum
1367 4419 1453 4466 attera

163 4502 226 4565 sert.
279 4501 310 4535 ⁸¹¹
330 4506 434 4569 apost.
455 4503 598 4567 campanile
611 4503 639 4551 di
649 4518 670 4553 s.
684 4501 784 4553 Marco.
831 4497 865 4531 ⁸¹⁷
882 4516 903 4550 s.
917 4500 1010 4551 Bassa.
1028 4501 1184 4566 paroehialis
1200 4505 1261 4551 eoct.
1313 4499 1347 4532 ⁸¹⁸
1365 4516 1386 4550 s.
1402 4501 1452 4551 Ge·

164 4589 284 4639 mimano.
295 4590 354 4639 item
369 4589 478 4654 paracl.
547 4586 581 4620 ³²⁰
598 4589 679 4638 Santo
696 4589 797 4652 spirito.
819 4588 1001 4635 canonicorum
1024 4589 1185 4651 reputarium.
1255 4583 1288 4617 ⁸²¹
1306 4587 1407 4637 Messio
1426 4589 1450 4636 t.

166 4673 219 4723 San
233 4674 324 4723 Molse.
336 4675 442 4738 paracle.
489 4672 522 4705 ³²⁸
540 4674 567 4724 S.
582 4675 669 4723 Maria
688 4673 820 4738 Zebeniqo,
839 4689 855 4721 a
871 4679 946 4736 pente
960 4672 1098 4722 Giabaniea
1109 4675 1220 4722 condita.
1238 4673 1346 4737 parari.
1360 4679 1449 4723 mater.

165 4754 198 4788 ³²⁸
217 4759 244 4809 S.
260 4760 376 4809 Fontiuo.
396 4758 563 4823 (confessoris
580 4759 748 4826 Syracusani)
763 4760 870 4823 parocia.
