3294 5408
407 418 531 453 bvrrsul
545 417 712 452 ultumum
725 417 840 453 NONDVH
854 416 1055 452 neduuuussrs
1068 416 1220 453 HHBOICVM.
1388 387 1461 459 333

303 582 306 587 ’
371 573 513 634 Ostendat
535 591 638 652 pacem
662 574 711 652 qui
734 573 900 641 admiserit,
924 590 1005 633 arma
1028 589 1175 649 praeorsas

370 675 435 735 Non
460 677 547 736 etiam
570 675 699 735 timuisse
721 676 831 742 minaS,
856 675 986 750 potuisse
1009 675 1038 733 iu
1061 681 1217 752 utramque

371 777 443 837 Esse
465 779 564 836 animo
587 784 739 837 constante
763 778 864 836 ricem.
899 779 957 835 lam
980 775 1120 835 discimus
1141 783 1236 840 artes.

332 898 357 938 as
372 879 536 939 Scribimus
558 887 586 939 et
607 898 707 940 serum
730 897 783 938 uos
806 878 1047 937 commendamus
1070 879 1098 938 in
1122 894 1231 944 aevunr,

372 981 518 1059 Famaque
541 988 726 1058 cornpertum
749 987 792 1039 est
815 987 957 1058 quantum
980 997 1029 1039 res
1043 978 1159 1039 adiuret
1174 979 1258 1044 istas,

371 1082 457 1153 Quas,
482 1101 549 1143 curn
573 1101 645 1142 cura
668 1081 739 1142 leris
762 1083 869 1142 nostris
891 1080 1053 1142 maioribus
1076 1088 1167 1147 esset,

370 1185 441 1243 dcta
464 1184 573 1244 ducum
596 1186 699 1254 tacuit,
723 1202 779 1243 uec
801 1183 870 1263 quid
894 1184 1051 1244 Germania
1073 1200 1174 1244 rerum

371 1285 472 1363 Egerit
495 1287 660 1364 invictaque
682 1303 772 1346 manu
794 1304 868 1364 quas
890 1286 1001 1363 ceperit
1023 1283 1129 1352 urbes,

331 1408 357 1447 ao
373 1386 454 1457 Quos
476 1386 591 1447 dederit
613 1387 671 1448 leto
695 1405 780 1464 reges
803 1394 832 1447 ct
854 1388 954 1448 vicerit
979 1386 1095 1455 hostes,

372 1490 455 1549 Scire
478 1488 579 1549 datur:
603 1507 700 1568 neque
724 1491 801 1549 enim
825 1491 943 1567 scriptis
966 1487 1139 1565 calamoque
1161 1486 1305 1548 vacabant

372 1590 492 1651 Utiliora
515 1593 605 1651 armis
628 1591 716 1651 corda
741 1599 770 1651 et
793 1589 999 1669 praestantibus
1022 1591 1108 1658 actis;

371 1691 472 1754 lllaluit
494 1690 541 1753 illa
564 1701 633 1754 aetas
656 1711 743 1772 quam
766 1692 897 1753 scribere
920 1694 1005 1753 nitier
1028 1695 1118 1752 armis

372 1795 527 1873 lldercque
549 1796 706 1872 insigneis,
729 1794 807 1873 quod
831 1794 974 1855 scriberet
996 1793 1102 1864 altera,
1125 1811 1249 1872 pugnas.

333 1916 359 1956 u
374 1897 458 1968 Quod
483 1899 507 1957 si
531 1905 630 1957 nostra
654 1897 751 1957 lorent
774 1897 893 1956 victuris
916 1905 997 1973 gesta
1019 1894 1128 1957 libellis

372 1999 503 2078 Scripta,
528 1999 606 2059 velut
627 1998 731 2066 batim,
756 1998 834 2060 velut
855 1997 951 2077 ampla
976 1997 1121 2058 uolumina
1143 1999 1239 2060 Graiae

372 2100 528 2161 Cernimus
549 2099 694 2169 historiae,
719 2119 777 2160 non
800 2108 914 2169 tantum
934 2100 999 2161 baec
1022 2100 1122 2161 ultima
1144 2101 1256 2161 scirent

373 2200 478 2263 Secula
500 2200 676 2263 Teutonicas
699 2202 806 2280 Alpino
829 2204 859 2262 in
882 2205 990 2264 vertice
1012 2221 1127 2281 pugnas

373 2303 628 2384 Cymbrorumque
650 2323 754 2364 manus
777 2312 806 2364 et
828 2323 900 2383 quas
922 2315 984 2365 tum
1007 2304 1125 2365 immina
1149 2311 1263 2382 strages

373 2547 501 2603 Ostendat
524 2543 625 2621 (pacem
649 2549 694 2622 qui
717 2543 865 2621 arlmiserit)
888 2564 962 2602 arma
984 2564 1121 2621 praeorsas

373 2632 430 2687 Non
453 2632 534 2687 ctiam
557 2633 680 2688 timuisse
701 2635 802 2694 minas,
825 2633 948 2706 potuisse
972 2633 998 2687 in
1021 2641 1165 2706 utramque

374 2716 439 2772 Esse
461 2717 551 2772 animo
573 2726 716 2775 constante
739 2719 831 2774 ricem.
856 2720 907 2772 ianr
931 2717 1060 2773 discimus
1082 2725 1170 2778 artes,

335 2818 361 2859 aa
376 2800 524 2858 Scribimus
547 2811 574 2858 et
597 2821 687 2858 serum
710 2821 758 2858 uos
780 2803 998 2858 corrnnendamus
1023 2802 1048 2856 in
1072 2819 1171 2863 aerum,

375 2887 510 2960 Famaque
532 2897 701 2961 compertum
725 2895 767 2942 est
790 2897 920 2960 quantum
943 2905 987 2942 res
1010 2887 1118 2941 adiuvet
1141 2887 1214 2945 illas.

374 2970 455 3038 Quae,
478 2989 626 3027 cumcurn
649 2973 715 3027 levis
738 2972 841 3027 nostris
864 2971 1012 3026 maioribus
1035 2977 1120 3031 esset.

375 3061 441 3113 Acta
463 3059 564 3112 bucam
588 3058 685 3117 tacuit.
709 3074 758 3112 nec
781 3056 845 3129 quid
868 3057 1009 3113 Gennania
1032 3073 1124 3111 rerum

375 3142 467 3216 Egerit
491 3142 642 3215 invictaque
664 3159 745 3198 manu
768 3159 835 3214 quas
858 3142 963 3215 ceperit
984 3140 1079 3202 urbes,

336 3242 362 3283 to
376 3226 451 3295 Quos
474 3226 579 3282 dederit
601 3225 656 3283 leto
680 3227 767 3300 llegcs
790 3235 817 3281 et
839 3227 935 3282 vicerit
958 3227 1067 3289 bostcs,

376 3312 452 3368 Scire
475 3312 568 3375 datur:
592 3328 680 3385 neque
703 3311 774 3368 enim
798 3312 909 3385 scriptis
931 3310 1089 3385 calamoque
1111 3309 1242 3367 vacabant

374 3396 490 3452 Utiliora
513 3398 594 3453 armis
616 3398 698 3453 corda
722 3406 749 3453 et
772 3395 964 3471 praestantibus
986 3396 1069 3459 actis:

375 3481 469 3538 llaluit
491 3482 552 3537 brec
574 3485 655 3538 Aetas
678 3499 758 3556 quam
781 3481 900 3538 seribere
923 3483 992 3536 bella
1014 3481 1107 3536 subire

376 3567 515 3640 Edereque
539 3567 660 3640 insignes
683 3567 767 3640 (quod
790 3566 923 3623 scriberet
946 3562 1040 3640 altera)
1064 3582 1178 3639 pugnas.

337 3671 362 3710 r.
377 3651 453 3718 Quod
478 3652 500 3707 si
523 3659 599 3706 trenta
623 3652 713 3707 forent
736 3651 847 3707 victuris
870 3661 948 3726 gesta
969 3650 1070 3706 libellis

319 3772 322 3779 ‚
378 3736 499 3811 Scripta,
523 3737 598 3792 velut
618 3737 717 3799 batiae,
741 3736 813 3792 velut
835 3735 922 3811 ampla
946 3736 1082 3792 volumina
1106 3735 1194 3793 Graias

375 3822 516 3878 Cernimus
539 3823 682 3894 hystoriae,
706 3839 760 3877 non
785 3828 889 3877 tantum
912 3822 969 3877 baec
991 3821 1085 3877 ultima
1109 3821 1212 3878 scirent

376 3906 481 3962 Secula
503 3906 666 3963 Teutonicas
689 3906 788 3980 Alpino
812 3907 839 3961 in
862 3908 961 3962 vertice
984 3908 1078 3962 clades

375 3992 608 4067 Cymbrorumquc
630 4007 729 4048 manus
751 4000 779 4048 et
802 4009 870 4066 quas
894 4001 949 4048 tum
973 3992 1081 4048 immina
1104 4000 1211 4066 strages

175 4143 378 4152 ..--..-.-—-

241 4225 264 4259 ⁸⁸
282 4228 431 4291 rtranqpl.
467 4224 489 4257 ³⁹
503 4216 618 4291 coeperit
631 4230 656 4275 2.
692 4223 831 4276 ⁴⁰loeto2.
867 4224 935 4258 Μ
949 4226 1057 4288 Seculo,
1076 4226 1156 4276 Teut.
1170 4229 1196 4276 2.
1232 4225 1462 4288 Florumllll.3.)

174 4313 311 4378 inprimis
330 4313 358 4361 in
376 4312 430 4361 bac
443 4310 574 4360 Cimbrici
593 4311 661 4361 belli
680 4312 930 4361 conmemoratione
949 4312 1089 4362 Huttenus
1107 4311 1240 4374 sequitur,
1260 4311 1399 4375 praecipue
1418 4309 1468 4360 hos

174 4397 266 4448 locos:
290 4397 427 4456 ‚,Cinrbri.
452 4396 590 4447 Tbeutoni
615 4399 696 4461 atque
715 4396 841 4461 Tigurini
861 4396 896 4445 nb
916 4396 1045 4446 extremis
1064 4395 1165 4446 Gallice
1183 4395 1294 4460 profugi
1360 4409 1420 4444 cum
1439 4395 1469 4445 in

173 4481 285 4531 ltaliam
304 4483 496 4546 remigarent,
516 4481 614 4531 misere
634 4480 744 4547 legatos
763 4482 792 4530 in
811 4486 904 4530 castra
923 4480 1020 4541 Silani,
1040 4480 1104 4530 inda
1123 4480 1158 4529 ad
1177 4485 1312 4541 senatum,
1332 4484 1470 4543 petentes,

175 4570 205 4615 ut
223 4568 341 4617 Martius
359 4565 475 4630 populus
495 4564 599 4630 aliquid
617 4566 672 4615 sibi
690 4571 771 4615 terrae
789 4565 883 4627 daret,
949 4565 1065 4631 Repulsi
1088 4565 1174 4629 igitur
1197 4564 1269 4628 quod
1286 4564 1471 4627 nequiverant

242 4684 393 4750 ”utranqj
413 4688 436 4734 1.
505 4683 528 4716 ⁸⁹
548 4687 663 4751 eoeperit
683 4690 705 4735 1.
775 4683 798 4716 ⁴⁰
816 4685 880 4734 laeto
900 4688 923 4734 1.
994 4683 1015 4715 ⁴⁸
1034 4683 1156 4733 Saecrrln:
1175 4683 1256 4732 Teut.
1270 4685 1294 4732 1.
1359 4679 1466 4749 ⁴’turnl

175 4768 281 4820 dumt.
