<?xml version="1.0" encoding="UTF-8"?>
<!DOCTYPE html PUBLIC "-//W3C//DTD XHTML 1.0 Transitional//EN"
    "http://www.w3.org/TR/xhtml1/DTD/xhtml1-transitional.dtd">
<html xmlns="http://www.w3.org/1999/xhtml" xml:lang="en" lang="en">
 <head>
  <title>
</title>
<meta http-equiv="Content-Type" content="text/html;charset=utf-8" />
  <meta name='ocr-system' content='tesseract 3.04.00' />
  <meta name='ocr-capabilities' content='ocr_page ocr_carea ocr_par ocr_line ocrx_word'/>
</head>
<body>
  <div class='ocr_page' id='page_1' title='image "./ulrichihuttenie04huttgoog_0602.png"; bbox 0 0 3294 5408; ppageno 0'>
   <div class='ocr_carea' id='block_1_1' title="bbox 270 386 1460 457">
    <p class='ocr_par' dir='ltr' id='par_1_1' title="bbox 270 386 1460 457">
     <span class='ocr_line' id='line_1_1' title="bbox 270 386 1460 457; baseline 0.003 -9"><span class='ocrx_word' id='word_1_1' title='bbox 270 395 447 448; x_wconf 78' lang='lat' dir='ltr'><strong>ADDENDA</strong></span> <span class='ocrx_word' id='word_1_2' title='bbox 460 395 510 447; x_wconf 81' lang='lat' dir='ltr'><em>AD</em></span> <span class='ocrx_word' id='word_1_3' title='bbox 523 396 606 447; x_wconf 85' lang='lat' dir='ltr'>VOL.</span> <span class='ocrx_word' id='word_1_4' title='bbox 620 396 657 446; x_wconf 91' lang='lat'><em>11.</em></span> <span class='ocrx_word' id='word_1_5' title='bbox 677 396 859 448; x_wconf 81' lang='lat' dir='ltr'><em>cccuxx11*.</em></span> <span class='ocrx_word' id='word_1_6' title='bbox 874 409 1140 448; x_wconf 68' lang='lat' dir='ltr'><em>succensionem</em></span> <span class='ocrx_word' id='word_1_7' title='bbox 1154 412 1358 451; x_wconf 72' lang='lat' dir='ltr'><em>esaaauascvs.</em></span> <span class='ocrx_word' id='word_1_8' title='bbox 1390 386 1460 457; x_wconf 81' lang='grc'><em>551</em></span> 
     </span>
    </p>
   </div>
   <div class='ocr_carea' id='block_1_2' title="bbox 332 569 1297 3866">
    <p class='ocr_par' dir='ltr' id='par_1_2' title="bbox 332 569 1297 3866">
     <span class='ocr_line' id='line_1_2' title="bbox 334 569 1193 644; baseline -0.001 -17"><span class='ocrx_word' id='word_1_9' title='bbox 334 585 359 627; x_wconf 80' lang='lat' dir='ltr'><em>ss</em></span> <span class='ocrx_word' id='word_1_10' title='bbox 374 569 467 627; x_wconf 79' lang='lat' dir='ltr'><em>Causa</em></span> <span class='ocrx_word' id='word_1_11' title='bbox 484 570 633 644; x_wconf 77' lang='lat' dir='ltr'><em>frequens,</em></span> <span class='ocrx_word' id='word_1_12' title='bbox 655 573 697 626; x_wconf 86' lang='lat' dir='ltr'><em>sic</em></span> <span class='ocrx_word' id='word_1_13' title='bbox 717 575 804 625; x_wconf 87' lang='lat' dir='ltr'><em>aucta</em></span> <span class='ocrx_word' id='word_1_14' title='bbox 826 572 911 637; x_wconf 90' lang='lat' dir='ltr'><em>nitet,</em></span> <span class='ocrx_word' id='word_1_15' title='bbox 932 573 973 625; x_wconf 88' lang='lat' dir='ltr'><em>sic</em></span> <span class='ocrx_word' id='word_1_16' title='bbox 992 571 1083 642; x_wconf 80' lang='lat' dir='ltr'><em>pluria</em></span> <span class='ocrx_word' id='word_1_17' title='bbox 1103 572 1193 626; x_wconf 87' lang='lat' dir='ltr'><em>maiar</em></span> 
     </span>
     <span class='ocr_line' id='line_1_3' title="bbox 370 653 1087 728; baseline -0.004 -16"><span class='ocrx_word' id='word_1_18' title='bbox 370 653 496 724; x_wconf 81' lang='lat' dir='ltr'><em>Invidia,</em></span> <span class='ocrx_word' id='word_1_19' title='bbox 515 669 626 726; x_wconf 84' lang='lat' dir='ltr'><em>semper·</em></span> <span class='ocrx_word' id='word_1_20' title='bbox 647 658 772 710; x_wconf 88' lang='lat' dir='ltr'><em>camitem</em></span> <span class='ocrx_word' id='word_1_21' title='bbox 789 672 871 728; x_wconf 84' lang='lat' dir='ltr'><em>quam</em></span> <span class='ocrx_word' id='word_1_22' title='bbox 891 657 982 727; x_wconf 81' lang='lat' dir='ltr'><em>pluria</em></span> <span class='ocrx_word' id='word_1_23' title='bbox 1006 654 1087 710; x_wconf 89' lang='lat' dir='ltr'><em>ducet</em></span> 
     </span>
     <span class='ocr_line' id='line_1_4' title="bbox 373 739 1115 811; baseline -0.001 -16"><span class='ocrx_word' id='word_1_24' title='bbox 373 739 492 806; x_wconf 72' lang='lat' dir='ltr'><em>Nassa,</em></span> <span class='ocrx_word' id='word_1_25' title='bbox 511 745 539 795; x_wconf 88' lang='lat' dir='ltr'><em>et</em></span> <span class='ocrx_word' id='word_1_26' title='bbox 557 739 667 811; x_wconf 74' lang='lat' dir='ltr'><em>samam</em></span> <span class='ocrx_word' id='word_1_27' title='bbox 688 741 842 795; x_wconf 75' lang='lat' dir='ltr'><em>Francisco</em></span> <span class='ocrx_word' id='word_1_28' title='bbox 865 741 945 794; x_wconf 89' lang='lat' dir='ltr'><em>clara</em></span> <span class='ocrx_word' id='word_1_29' title='bbox 963 754 1115 811; x_wconf 83' lang='lat' dir='ltr'><em>perennem</em></span> 
     </span>
     <span class='ocr_line' id='line_1_5' title="bbox 370 824 1177 897; baseline -0.002 -15"><span class='ocrx_word' id='word_1_30' title='bbox 370 825 549 897; x_wconf 81' lang='lat' dir='ltr'><em>Haltenoque</em></span> <span class='ocrx_word' id='word_1_31' title='bbox 571 824 664 891; x_wconf 82' lang='lat' dir='ltr'><em>dubit,</em></span> <span class='ocrx_word' id='word_1_32' title='bbox 687 827 761 896; x_wconf 82' lang='lat' dir='ltr'><em>quod</em></span> <span class='ocrx_word' id='word_1_33' title='bbox 781 828 808 879; x_wconf 89' lang='lat' dir='ltr'><em>et</em></span> <span class='ocrx_word' id='word_1_34' title='bbox 829 825 926 880; x_wconf 81' lang='lat' dir='ltr'><em>ordine</em></span> <span class='ocrx_word' id='word_1_35' title='bbox 946 829 1032 880; x_wconf 77' lang='lat' dir='ltr'><em>nattes</em></span> <span class='ocrx_word' id='word_1_36' title='bbox 1052 827 1177 896; x_wconf 80' lang='lat' dir='ltr'><em>equestri</em></span> 
     </span>
     <span class='ocr_line' id='line_1_6' title="bbox 370 908 1190 983; baseline 0.001 -19"><span class='ocrx_word' id='word_1_37' title='bbox 370 908 410 964; x_wconf 83' lang='lat' dir='ltr'><em>Et</em></span> <span class='ocrx_word' id='word_1_38' title='bbox 430 910 505 981; x_wconf 78' lang='lat' dir='ltr'><em>quod</em></span> <span class='ocrx_word' id='word_1_39' title='bbox 524 913 640 983; x_wconf 84' lang='lat' dir='ltr'><em>uterque</em></span> <span class='ocrx_word' id='word_1_40' title='bbox 661 911 706 965; x_wconf 90' lang='lat' dir='ltr'><em>rei</em></span> <span class='ocrx_word' id='word_1_41' title='bbox 723 911 808 965; x_wconf 85' lang='lat' dir='ltr'><em>decus</em></span> <span class='ocrx_word' id='word_1_42' title='bbox 828 915 871 964; x_wconf 89' lang='lat' dir='ltr'><em>est</em></span> <span class='ocrx_word' id='word_1_43' title='bbox 891 910 1014 964; x_wconf 75' lang='lat' dir='ltr'><em>mirabile</em></span> <span class='ocrx_word' id='word_1_44' title='bbox 1035 911 1190 982; x_wconf 81' lang='lat' dir='ltr'><em>equestris.-</em></span> 
     </span>
     <span class='ocr_line' id='line_1_7' title="bbox 334 993 1030 1066; baseline -0.003 -15"><span class='ocrx_word' id='word_1_45' title='bbox 334 1009 360 1051; x_wconf 70' lang='grc' dir='ltr'><em>ια</em></span> <span class='ocrx_word' id='word_1_46' title='bbox 379 993 470 1066; x_wconf 79' lang='lat' dir='ltr'><em>Usque</em></span> <span class='ocrx_word' id='word_1_47' title='bbox 489 995 559 1050; x_wconf 91' lang='lat' dir='ltr'><em>adeo</em></span> <span class='ocrx_word' id='word_1_48' title='bbox 581 996 661 1051; x_wconf 83' lang='lat' dir='ltr'><em>titulo</em></span> <span class='ocrx_word' id='word_1_49' title='bbox 684 996 819 1051; x_wconf 83' lang='lat' dir='ltr'><em>uirtutum</em></span> <span class='ocrx_word' id='word_1_50' title='bbox 840 997 950 1050; x_wconf 87' lang='lat' dir='ltr'><em>nomina</em></span> <span class='ocrx_word' id='word_1_51' title='bbox 972 995 1030 1051; x_wconf 86' lang='lat' dir='ltr'><em>solo</em></span> 
     </span>
     <span class='ocr_line' id='line_1_8' title="bbox 371 1079 1085 1150; baseline 0.006 -16"><span class='ocrx_word' id='word_1_52' title='bbox 371 1079 522 1145; x_wconf 79' lang='lat' dir='ltr'><em>Arridenl,</em></span> <span class='ocrx_word' id='word_1_53' title='bbox 544 1095 616 1135; x_wconf 86' lang='lat' dir='ltr'><em>uana</em></span> <span class='ocrx_word' id='word_1_54' title='bbox 638 1086 680 1136; x_wconf 87' lang='lat' dir='ltr'><em>est</em></span> <span class='ocrx_word' id='word_1_55' title='bbox 703 1081 828 1150; x_wconf 86' lang='lat' dir='ltr'><em>ipsarum</em></span> <span class='ocrx_word' id='word_1_56' title='bbox 850 1082 951 1135; x_wconf 91' lang='lat' dir='ltr'><em>mentio</em></span> <span class='ocrx_word' id='word_1_57' title='bbox 973 1094 1085 1138; x_wconf 72' lang='lat' dir='ltr'><em>rerum:</em></span> 
     </span>
     <span class='ocr_line' id='line_1_9' title="bbox 371 1162 1110 1231; baseline -0.001 -13"><span class='ocrx_word' id='word_1_58' title='bbox 371 1162 487 1219; x_wconf 81' lang='lat' dir='ltr'><em>Boetius</em></span> <span class='ocrx_word' id='word_1_59' title='bbox 504 1182 586 1218; x_wconf 90' lang='lat' dir='ltr'><em>arma</em></span> <span class='ocrx_word' id='word_1_60' title='bbox 607 1166 694 1231; x_wconf 89' lang='lat' dir='ltr'><em>alter,</em></span> <span class='ocrx_word' id='word_1_61' title='bbox 719 1163 849 1220; x_wconf 77' lang='lat' dir='ltr'><em>Pltoelmm</em></span> <span class='ocrx_word' id='word_1_62' title='bbox 866 1164 1017 1221; x_wconf 77' lang='lat' dir='ltr'><strong><em>studiosius</em></strong></span> <span class='ocrx_word' id='word_1_63' title='bbox 1036 1164 1110 1219; x_wconf 85' lang='lat' dir='ltr'><em>ulter</em></span> 
     </span>
     <span class='ocr_line' id='line_1_10' title="bbox 371 1247 1164 1321; baseline 0.001 -17"><span class='ocrx_word' id='word_1_64' title='bbox 371 1247 500 1315; x_wconf 71' lang='lat' dir='ltr'><em>Excolit,</em></span> <span class='ocrx_word' id='word_1_65' title='bbox 522 1249 601 1304; x_wconf 79' lang='lat' dir='ltr'><em>umbo</em></span> <span class='ocrx_word' id='word_1_66' title='bbox 623 1254 786 1321; x_wconf 75' lang='lat' dir='ltr'><em>utrumqne,</em></span> <span class='ocrx_word' id='word_1_67' title='bbox 806 1251 877 1305; x_wconf 86' lang='lat' dir='ltr'><em>velut</em></span> <span class='ocrx_word' id='word_1_68' title='bbox 899 1251 941 1304; x_wconf 88' lang='lat' dir='ltr'><em>nil</em></span> <span class='ocrx_word' id='word_1_69' title='bbox 958 1249 1048 1320; x_wconf 89' lang='lat' dir='ltr'><em>possit</em></span> <span class='ocrx_word' id='word_1_70' title='bbox 1065 1250 1164 1320; x_wconf 78' lang='lat' dir='ltr'><em>Apollo</em></span> 
     </span>
     <span class='ocr_line' id='line_1_11' title="bbox 371 1331 1208 1405; baseline 0.004 -18"><span class='ocrx_word' id='word_1_71' title='bbox 371 1331 468 1388; x_wconf 85' lang='lat' dir='ltr'><em>Marte</em></span> <span class='ocrx_word' id='word_1_72' title='bbox 488 1334 548 1388; x_wconf 83' lang='lat' dir='ltr'><em>sine</em></span> <span class='ocrx_word' id='word_1_73' title='bbox 568 1339 597 1389; x_wconf 90' lang='lat' dir='ltr'><em>el</em></span> <span class='ocrx_word' id='word_1_74' title='bbox 619 1335 700 1390; x_wconf 90' lang='lat' dir='ltr'><em>dacto</em></span> <span class='ocrx_word' id='word_1_75' title='bbox 720 1336 834 1389; x_wconf 78' lang='lat' dir='ltr'><em>Geticus</em></span> <span class='ocrx_word' id='word_1_76' title='bbox 854 1337 915 1390; x_wconf 88' lang='lat' dir='ltr'><em>sine</em></span> <span class='ocrx_word' id='word_1_77' title='bbox 933 1335 1059 1405; x_wconf 79' lang='lat' dir='ltr'><em>Apolline</em></span> <span class='ocrx_word' id='word_1_78' title='bbox 1080 1334 1208 1390; x_wconf 76' lang='lat' dir='ltr'><em>Pltoebus.</em></span> 
     </span>
     <span class='ocr_line' id='line_1_12' title="bbox 333 1417 1260 1492; baseline 0.002 -21"><span class='ocrx_word' id='word_1_79' title='bbox 333 1432 357 1471; x_wconf 80' lang='lat' dir='ltr'><em>us</em></span> <span class='ocrx_word' id='word_1_80' title='bbox 373 1417 495 1473; x_wconf 78' lang='lat' dir='ltr'><em>Stemma</em></span> <span class='ocrx_word' id='word_1_81' title='bbox 511 1425 630 1490; x_wconf 85' lang='lat' dir='ltr'><em>patrum</em></span> <span class='ocrx_word' id='word_1_82' title='bbox 648 1426 726 1477; x_wconf 87' lang='lat' dir='ltr'><em>vetus</em></span> <span class='ocrx_word' id='word_1_83' title='bbox 746 1426 788 1474; x_wconf 85' lang='lat' dir='ltr'><em>est</em></span> <span class='ocrx_word' id='word_1_84' title='bbox 804 1422 941 1492; x_wconf 78' lang='lat' dir='ltr'><em>lonpaque</em></span> <span class='ocrx_word' id='word_1_85' title='bbox 955 1419 990 1472; x_wconf 79' lang='lat' dir='ltr'><em>al)</em></span> <span class='ocrx_word' id='word_1_86' title='bbox 1009 1420 1114 1491; x_wconf 79' lang='lat' dir='ltr'><em>aripine</em></span> <span class='ocrx_word' id='word_1_87' title='bbox 1131 1420 1260 1487; x_wconf 86' lang='lat' dir='ltr'><em>ductum,</em></span> 
     </span>
     <span class='ocr_line' id='line_1_13' title="bbox 372 1504 1036 1576; baseline 0 -18"><span class='ocrx_word' id='word_1_88' title='bbox 372 1504 503 1558; x_wconf 85' lang='lat' dir='ltr'><em>Attamen</em></span> <span class='ocrx_word' id='word_1_89' title='bbox 525 1504 626 1576; x_wconf 76' lang='lat' dir='ltr'><em>eeipuo</em></span> <span class='ocrx_word' id='word_1_90' title='bbox 648 1509 736 1560; x_wconf 88' lang='lat' dir='ltr'><em>terree</em></span> <span class='ocrx_word' id='word_1_91' title='bbox 756 1505 894 1576; x_wconf 76' lang='lat' dir='ltr'><em>capnohile</em></span> <span class='ocrx_word' id='word_1_92' title='bbox 912 1510 1036 1576; x_wconf 88' lang='lat' dir='ltr'><em>puncto:</em></span> 
     </span>
     <span class='ocr_line' id='line_1_14' title="bbox 372 1587 1057 1662; baseline -0.003 -18"><span class='ocrx_word' id='word_1_93' title='bbox 372 1587 466 1644; x_wconf 78' lang='lat' dir='ltr'><em>Gloria</em></span> <span class='ocrx_word' id='word_1_94' title='bbox 483 1594 574 1659; x_wconf 88' lang='lat' dir='ltr'><em>parta</em></span> <span class='ocrx_word' id='word_1_95' title='bbox 594 1589 648 1644; x_wconf 73' lang='lat' dir='ltr'><em>sitsi</em></span> <span class='ocrx_word' id='word_1_96' title='bbox 664 1591 767 1662; x_wconf 86' lang='lat' dir='ltr'><em>spaciis</em></span> <span class='ocrx_word' id='word_1_97' title='bbox 788 1589 943 1645; x_wconf 77' lang='lat' dir='ltr'><em>melioribus</em></span> <span class='ocrx_word' id='word_1_98' title='bbox 964 1589 1057 1643; x_wconf 78' lang='lat' dir='ltr'><em>oriem</em></span> 
     </span>
     <span class='ocr_line' id='line_1_15' title="bbox 372 1672 1138 1746; baseline 0.004 -20"><span class='ocrx_word' id='word_1_99' title='bbox 372 1672 520 1743; x_wconf 76' lang='lat' dir='ltr'><em>Complelrit</em></span> <span class='ocrx_word' id='word_1_100' title='bbox 540 1673 649 1746; x_wconf 73' lang='lat' dir='ltr'><em>tanqum</em></span> <span class='ocrx_word' id='word_1_101' title='bbox 671 1680 779 1730; x_wconf 88' lang='lat' dir='ltr'><em>etcum</em></span> <span class='ocrx_word' id='word_1_102' title='bbox 803 1679 926 1746; x_wconf 87' lang='lat' dir='ltr'><em>tempore</em></span> <span class='ocrx_word' id='word_1_103' title='bbox 943 1675 1021 1746; x_wconf 72' lang='lat' dir='ltr'><em>liunt</em></span> <span class='ocrx_word' id='word_1_104' title='bbox 1042 1688 1138 1729; x_wconf 78' lang='lat' dir='ltr'><em>oeoicm.</em></span> 
     </span>
     <span class='ocr_line' id='line_1_16' title="bbox 370 1756 1168 1830; baseline 0.003 -18"><span class='ocrx_word' id='word_1_105' title='bbox 370 1758 461 1828; x_wconf 82' lang='lat' dir='ltr'><em>Atque</em></span> <span class='ocrx_word' id='word_1_106' title='bbox 484 1759 590 1812; x_wconf 87' lang='lat' dir='ltr'><em>utinum</em></span> <span class='ocrx_word' id='word_1_107' title='bbox 613 1759 680 1814; x_wconf 77' lang='lat' dir='ltr'><em>milti</em></span> <span class='ocrx_word' id='word_1_108' title='bbox 694 1763 854 1830; x_wconf 86' lang='lat' dir='ltr'><em>preesentes</em></span> <span class='ocrx_word' id='word_1_109' title='bbox 874 1763 942 1814; x_wconf 85' lang='lat' dir='ltr'><em>onte</em></span> <span class='ocrx_word' id='word_1_110' title='bbox 963 1760 1054 1813; x_wconf 88' lang='lat' dir='ltr'><em>omnia</em></span> <span class='ocrx_word' id='word_1_111' title='bbox 1077 1756 1168 1814; x_wconf 85' lang='lat' dir='ltr'><em>Musoe</em></span> 
     </span>
     <span class='ocr_line' id='line_1_17' title="bbox 332 1840 1158 1915; baseline 0.002 -19"><span class='ocrx_word' id='word_1_112' title='bbox 332 1854 358 1896; x_wconf 83' lang='lat' dir='ltr'><em>so</em></span> <span class='ocrx_word' id='word_1_113' title='bbox 372 1840 443 1897; x_wconf 80' lang='lat' dir='ltr'><em>Esse</em></span> <span class='ocrx_word' id='word_1_114' title='bbox 463 1843 546 1898; x_wconf 88' lang='lat' dir='ltr'><em>uelint</em></span> <span class='ocrx_word' id='word_1_115' title='bbox 567 1849 595 1898; x_wconf 90' lang='lat' dir='ltr'><em>et</em></span> <span class='ocrx_word' id='word_1_116' title='bbox 614 1858 645 1898; x_wconf 85' lang='lat' dir='ltr'><em>se</em></span> <span class='ocrx_word' id='word_1_117' title='bbox 666 1846 778 1915; x_wconf 55' lang='lat' dir='ltr'><em>dunum</em></span> <span class='ocrx_word' id='word_1_118' title='bbox 799 1843 866 1898; x_wconf 77' lang='lat' dir='ltr'><em>milii</em></span> <span class='ocrx_word' id='word_1_119' title='bbox 883 1858 1010 1915; x_wconf 75' lang='lat' dir='ltr'><em>paupere</em></span> <span class='ocrx_word' id='word_1_120' title='bbox 1029 1857 1158 1903; x_wconf 74' lang='lat' dir='ltr'><em>carmen:</em></span> 
     </span>
     <span class='ocr_line' id='line_1_18' title="bbox 371 1925 1025 2001; baseline 0.003 -21"><span class='ocrx_word' id='word_1_121' title='bbox 371 1925 410 1981; x_wconf 85' lang='lat' dir='ltr'><em>Et</em></span> <span class='ocrx_word' id='word_1_122' title='bbox 427 1927 494 1982; x_wconf 75' lang='lat' dir='ltr'><em>mut</em></span> <span class='ocrx_word' id='word_1_123' title='bbox 512 1927 635 1985; x_wconf 79' lang='lat' dir='ltr'><em>dicendis</em></span> <span class='ocrx_word' id='word_1_124' title='bbox 652 1930 751 2001; x_wconf 67' lang='lat' dir='ltr'><em>quoda</em></span> <span class='ocrx_word' id='word_1_125' title='bbox 769 1934 876 1983; x_wconf 82' lang='lat' dir='ltr'><em>nateera</em></span> <span class='ocrx_word' id='word_1_126' title='bbox 897 1933 1025 1995; x_wconf 87' lang='lat' dir='ltr'><em>recusat,</em></span> 
     </span>
     <span class='ocr_line' id='line_1_19' title="bbox 370 2012 1101 2086; baseline -0.001 -18"><span class='ocrx_word' id='word_1_127' title='bbox 370 2014 408 2068; x_wconf 87' lang='lat' dir='ltr'><em>At</em></span> <span class='ocrx_word' id='word_1_128' title='bbox 431 2012 498 2067; x_wconf 75' lang='lat' dir='ltr'><em>milui</em></span> <span class='ocrx_word' id='word_1_129' title='bbox 513 2012 659 2085; x_wconf 77' lang='lat' dir='ltr'><em>sufficiunt</em></span> <span class='ocrx_word' id='word_1_130' title='bbox 681 2017 809 2086; x_wconf 76' lang='lat' dir='ltr'><em>concepti</em></span> <span class='ocrx_word' id='word_1_131' title='bbox 829 2028 867 2068; x_wconf 79' lang='lat' dir='ltr'><em>ee</em></span> <span class='ocrx_word' id='word_1_132' title='bbox 886 2013 966 2068; x_wconf 79' lang='lat' dir='ltr'><em>laste</em></span> <span class='ocrx_word' id='word_1_133' title='bbox 983 2012 1101 2085; x_wconf 78' lang='lat' dir='ltr'><em>furores</em></span> 
     </span>
     <span class='ocr_line' id='line_1_20' title="bbox 374 2095 1093 2171; baseline 0.006 -21"><span class='ocrx_word' id='word_1_134' title='bbox 374 2095 542 2169; x_wconf 82' lang='lat' dir='ltr'><em>Turpiloquo</em></span> <span class='ocrx_word' id='word_1_135' title='bbox 563 2104 590 2153; x_wconf 92' lang='lat' dir='ltr'><em>et</em></span> <span class='ocrx_word' id='word_1_136' title='bbox 609 2097 693 2170; x_wconf 80' lang='lat' dir='ltr'><em>salsis</em></span> <span class='ocrx_word' id='word_1_137' title='bbox 716 2105 846 2171; x_wconf 76' lang='lat' dir='ltr'><em>conpectu</em></span> <span class='ocrx_word' id='word_1_138' title='bbox 868 2099 972 2153; x_wconf 87' lang='lat' dir='ltr'><em>iniuria</em></span> <span class='ocrx_word' id='word_1_139' title='bbox 994 2096 1093 2154; x_wconf 81' lang='lat' dir='ltr'><em>verbis.</em></span> 
     </span>
     <span class='ocr_line' id='line_1_21' title="bbox 371 2179 1167 2256; baseline 0.005 -21"><span class='ocrx_word' id='word_1_140' title='bbox 371 2179 416 2235; x_wconf 85' lang='lat' dir='ltr'><em>En</em></span> <span class='ocrx_word' id='word_1_141' title='bbox 436 2180 511 2253; x_wconf 71' lang='lat' dir='ltr'><em>furit</em></span> <span class='ocrx_word' id='word_1_142' title='bbox 532 2184 613 2256; x_wconf 79' lang='lat' dir='ltr'><em>inque</em></span> <span class='ocrx_word' id='word_1_143' title='bbox 634 2199 732 2238; x_wconf 88' lang='lat' dir='ltr'><em>aurem</em></span> <span class='ocrx_word' id='word_1_144' title='bbox 753 2183 899 2239; x_wconf 81' lang='lat' dir='ltr'><em>Detractio</em></span> <span class='ocrx_word' id='word_1_145' title='bbox 921 2184 1003 2237; x_wconf 86' lang='lat' dir='ltr'><em>tinnit</em></span> <span class='ocrx_word' id='word_1_146' title='bbox 1018 2188 1167 2256; x_wconf 85' lang='lat' dir='ltr'><em>utramque</em></span> 
     </span>
     <span class='ocr_line' id='line_1_22' title="bbox 332 2264 1109 2339; baseline 0 -17"><span class='ocrx_word' id='word_1_147' title='bbox 332 2279 357 2322; x_wconf 83' lang='lat' dir='ltr'><em>ss</em></span> <span class='ocrx_word' id='word_1_148' title='bbox 372 2264 478 2338; x_wconf 86' lang='lat' dir='ltr'><em>Impia,</em></span> <span class='ocrx_word' id='word_1_149' title='bbox 501 2281 553 2322; x_wconf 89' lang='lat' dir='ltr'><em>nec</em></span> <span class='ocrx_word' id='word_1_150' title='bbox 571 2271 687 2339; x_wconf 83' lang='lat' dir='ltr'><em>patitur</em></span> <span class='ocrx_word' id='word_1_151' title='bbox 709 2282 787 2324; x_wconf 83' lang='lat' dir='ltr'><em>voces</em></span> <span class='ocrx_word' id='word_1_152' title='bbox 807 2282 883 2322; x_wconf 81' lang='lat' dir='ltr'><em>mens</em></span> <span class='ocrx_word' id='word_1_153' title='bbox 900 2282 972 2322; x_wconf 86' lang='lat' dir='ltr'><em>sana</em></span> <span class='ocrx_word' id='word_1_154' title='bbox 995 2266 1109 2322; x_wconf 77' lang='lat' dir='ltr'><em>rebelles</em></span> 
     </span>
     <span class='ocr_line' id='line_1_23' title="bbox 371 2351 1080 2424; baseline 0 -19"><span class='ocrx_word' id='word_1_155' title='bbox 371 2351 511 2424; x_wconf 79' lang='lat' dir='ltr'><em>Falsoque</em></span> <span class='ocrx_word' id='word_1_156' title='bbox 528 2354 658 2408; x_wconf 88' lang='lat' dir='ltr'><em>iudicium</em></span> <span class='ocrx_word' id='word_1_157' title='bbox 679 2355 764 2409; x_wconf 85' lang='lat' dir='ltr'><em>uincit</em></span> <span class='ocrx_word' id='word_1_158' title='bbox 789 2354 935 2408; x_wconf 86' lang='lat' dir='ltr'><em>mendacia</em></span> <span class='ocrx_word' id='word_1_159' title='bbox 956 2358 1080 2417; x_wconf 71' lang='lat' dir='ltr'><em>emtum,</em></span> 
     </span>
     <span class='ocr_line' id='line_1_24' title="bbox 370 2435 1066 2509; baseline 0.003 -19"><span class='ocrx_word' id='word_1_160' title='bbox 370 2435 410 2491; x_wconf 83' lang='lat' dir='ltr'><em>Et</em></span> <span class='ocrx_word' id='word_1_161' title='bbox 431 2439 605 2494; x_wconf 85' lang='lat' dir='ltr'><em>conuiuarum</em></span> <span class='ocrx_word' id='word_1_162' title='bbox 620 2453 752 2495; x_wconf 86' lang='lat' dir='ltr'><em>numerus</em></span> <span class='ocrx_word' id='word_1_163' title='bbox 767 2441 899 2494; x_wconf 72' lang='lat' dir='ltr'><em>miscetur</em></span> <span class='ocrx_word' id='word_1_164' title='bbox 921 2439 1066 2509; x_wconf 78' lang='lat' dir='ltr'><em>atriisque,</em></span> 
     </span>
     <span class='ocr_line' id='line_1_25' title="bbox 371 2520 1163 2595; baseline 0.003 -19"><span class='ocrx_word' id='word_1_165' title='bbox 371 2520 481 2576; x_wconf 80' lang='lat' dir='ltr'><em>Clamor</em></span> <span class='ocrx_word' id='word_1_166' title='bbox 503 2521 600 2594; x_wconf 77' lang='lat' dir='ltr'><em>celique</em></span> <span class='ocrx_word' id='word_1_167' title='bbox 620 2539 705 2595; x_wconf 78' lang='lat' dir='ltr'><em>oopus</em></span> <span class='ocrx_word' id='word_1_168' title='bbox 724 2526 772 2581; x_wconf 61' lang='lat' dir='ltr'><em>eike</em></span> <span class='ocrx_word' id='word_1_169' title='bbox 793 2529 821 2578; x_wconf 90' lang='lat' dir='ltr'><em>et</em></span> <span class='ocrx_word' id='word_1_170' title='bbox 842 2538 903 2578; x_wconf 83' lang='lat' dir='ltr'><em>sese</em></span> <span class='ocrx_word' id='word_1_171' title='bbox 924 2522 1043 2577; x_wconf 81' lang='lat' dir='ltr'><em>abstinet</em></span> <span class='ocrx_word' id='word_1_172' title='bbox 1066 2525 1163 2578; x_wconf 84' lang='lat' dir='ltr'><em>armis.</em></span> 
     </span>
     <span class='ocr_line' id='line_1_26' title="bbox 372 2603 1138 2680; baseline 0 -19"><span class='ocrx_word' id='word_1_173' title='bbox 372 2603 438 2672; x_wconf 84' lang='lat' dir='ltr'><em>Quis</em></span> <span class='ocrx_word' id='word_1_174' title='bbox 459 2606 528 2661; x_wconf 84' lang='lat' dir='ltr'><em>deus</em></span> <span class='ocrx_word' id='word_1_175' title='bbox 548 2607 600 2662; x_wconf 79' lang='lat' dir='ltr'><em>tuoe</em></span> <span class='ocrx_word' id='word_1_176' title='bbox 616 2610 725 2680; x_wconf 87' lang='lat' dir='ltr'><em>polerit</em></span> <span class='ocrx_word' id='word_1_177' title='bbox 742 2610 915 2680; x_wconf 78' lang='lat' dir='ltr'><em>proesenlior</em></span> <span class='ocrx_word' id='word_1_178' title='bbox 936 2622 996 2663; x_wconf 87' lang='lat' dir='ltr'><em>esse</em></span> <span class='ocrx_word' id='word_1_179' title='bbox 1015 2607 1138 2677; x_wconf 81' lang='lat' dir='ltr'><em>surore?</em></span> 
     </span>
     <span class='ocr_line' id='line_1_27' title="bbox 334 2690 1118 2764; baseline 0.004 -23"><span class='ocrx_word' id='word_1_180' title='bbox 334 2703 358 2742; x_wconf 76' lang='lat' dir='ltr'><em>so</em></span> <span class='ocrx_word' id='word_1_181' title='bbox 372 2690 477 2745; x_wconf 71' lang='lat' dir='ltr'><em>Discite</em></span> <span class='ocrx_word' id='word_1_182' title='bbox 494 2691 523 2745; x_wconf 91' lang='lat' dir='ltr'><em>in</em></span> <span class='ocrx_word' id='word_1_183' title='bbox 540 2691 668 2747; x_wconf 79' lang='lat' dir='ltr'><em>absentes</em></span> <span class='ocrx_word' id='word_1_184' title='bbox 689 2709 773 2764; x_wconf 79' lang='lat' dir='ltr'><em>quam</em></span> <span class='ocrx_word' id='word_1_185' title='bbox 792 2694 828 2746; x_wconf 84' lang='lat' dir='ltr'><em>sit</em></span> <span class='ocrx_word' id='word_1_186' title='bbox 851 2692 957 2746; x_wconf 77' lang='lat' dir='ltr'><em>dixisse</em></span> <span class='ocrx_word' id='word_1_187' title='bbox 979 2692 1118 2745; x_wconf 49' lang='lat' dir='ltr'><em>modeste*</em></span> 
     </span>
     <span class='ocr_line' id='line_1_28' title="bbox 377 2773 1104 2848; baseline 0 -20"><span class='ocrx_word' id='word_1_188' title='bbox 377 2773 448 2828; x_wconf 82' lang='lat' dir='ltr'><em>Utile</em></span> <span class='ocrx_word' id='word_1_189' title='bbox 470 2779 499 2828; x_wconf 92' lang='lat' dir='ltr'><em>et</em></span> <span class='ocrx_word' id='word_1_190' title='bbox 519 2774 663 2830; x_wconf 72' lang='lat' dir='ltr'><em>absectum</em></span> <span class='ocrx_word' id='word_1_191' title='bbox 680 2781 840 2848; x_wconf 80' lang='lat' dir='ltr'><em>praesenles</em></span> <span class='ocrx_word' id='word_1_192' title='bbox 861 2789 971 2846; x_wconf 88' lang='lat' dir='ltr'><em>semper</em></span> <span class='ocrx_word' id='word_1_193' title='bbox 992 2776 1104 2828; x_wconf 84' lang='lat' dir='ltr'><em>emicas.</em></span> 
     </span>
     <span class='ocr_line' id='line_1_29' title="bbox 372 2855 1105 2931; baseline 0.003 -21"><span class='ocrx_word' id='word_1_194' title='bbox 372 2855 434 2911; x_wconf 85' lang='lat' dir='ltr'><em>Non</em></span> <span class='ocrx_word' id='word_1_195' title='bbox 456 2857 515 2912; x_wconf 86' lang='lat' dir='ltr'><em>ideo</em></span> <span class='ocrx_word' id='word_1_196' title='bbox 536 2860 645 2931; x_wconf 65' lang='lat' dir='ltr'><em>iaoulm</em></span> <span class='ocrx_word' id='word_1_197' title='bbox 670 2861 814 2915; x_wconf 89' lang='lat' dir='ltr'><em>mordacia</em></span> <span class='ocrx_word' id='word_1_198' title='bbox 834 2861 945 2914; x_wconf 87' lang='lat' dir='ltr'><em>nomina</em></span> <span class='ocrx_word' id='word_1_199' title='bbox 968 2860 1105 2923; x_wconf 81' lang='lat' dir='ltr'><em>mordax,</em></span> 
     </span>
     <span class='ocr_line' id='line_1_30' title="bbox 374 2939 1118 3015; baseline 0.001 -21"><span class='ocrx_word' id='word_1_200' title='bbox 374 2939 430 2997; x_wconf 89' lang='lat' dir='ltr'><em>Sed</em></span> <span class='ocrx_word' id='word_1_201' title='bbox 452 2946 562 2997; x_wconf 87' lang='lat' dir='ltr'><em>tautum</em></span> <span class='ocrx_word' id='word_1_202' title='bbox 582 2945 674 3000; x_wconf 77' lang='lat' dir='ltr'><em>invitis</em></span> <span class='ocrx_word' id='word_1_203' title='bbox 695 2943 828 3015; x_wconf 66' lang='lat' dir='ltr'><em>censure</em></span> <span class='ocrx_word' id='word_1_204' title='bbox 848 2945 977 3015; x_wconf 74' lang='lat' dir='ltr'><em>exemplu</em></span> <span class='ocrx_word' id='word_1_205' title='bbox 998 2945 1118 2997; x_wconf 83' lang='lat' dir='ltr'><em>uirorum</em></span> 
     </span>
     <span class='ocr_line' id='line_1_31' title="bbox 371 3027 1102 3098; baseline 0.001 -19"><span class='ocrx_word' id='word_1_206' title='bbox 371 3027 464 3097; x_wconf 78' lang='lat' dir='ltr'><em>Atque</em></span> <span class='ocrx_word' id='word_1_207' title='bbox 479 3029 551 3098; x_wconf 89' lang='lat' dir='ltr'><em>pari</em></span> <span class='ocrx_word' id='word_1_208' title='bbox 566 3027 684 3083; x_wconf 74' lang='lat' dir='ltr'><em>imbutas</em></span> <span class='ocrx_word' id='word_1_209' title='bbox 705 3027 855 3084; x_wconf 88' lang='lat' dir='ltr'><em>multorum</em></span> <span class='ocrx_word' id='word_1_210' title='bbox 877 3028 976 3084; x_wconf 83' lang='lat' dir='ltr'><em>robore</em></span> <span class='ocrx_word' id='word_1_211' title='bbox 997 3032 1102 3082; x_wconf 75' lang='lat' dir='ltr'><em>menites</em></span> 
     </span>
     <span class='ocr_line' id='line_1_32' title="bbox 333 3109 1297 3180; baseline 0.005 -17"><span class='ocrx_word' id='word_1_212' title='bbox 333 3121 359 3163; x_wconf 74' lang='lat' dir='ltr'><em>ss</em></span> <span class='ocrx_word' id='word_1_213' title='bbox 373 3109 444 3167; x_wconf 77' lang='lat' dir='ltr'><em>Esse</em></span> <span class='ocrx_word' id='word_1_214' title='bbox 458 3113 552 3168; x_wconf 86' lang='lat' dir='ltr'><em>velim:</em></span> <span class='ocrx_word' id='word_1_215' title='bbox 569 3117 661 3168; x_wconf 91' lang='lat' dir='ltr'><em>notum</em></span> <span class='ocrx_word' id='word_1_216' title='bbox 677 3113 737 3180; x_wconf 77' lang='lat' dir='ltr'><em>leae,</em></span> <span class='ocrx_word' id='word_1_217' title='bbox 754 3119 843 3170; x_wconf 83' lang='lat' dir='ltr'><em>votnm</em></span> <span class='ocrx_word' id='word_1_218' title='bbox 859 3113 920 3179; x_wconf 79' lang='lat' dir='ltr'><em>lucc,</em></span> <span class='ocrx_word' id='word_1_219' title='bbox 935 3113 1001 3167; x_wconf 75' lang='lat' dir='ltr'><em>niilni</em></span> <span class='ocrx_word' id='word_1_220' title='bbox 1014 3112 1129 3177; x_wconf 77' lang='lat' dir='ltr'><em>credite,</em></span> <span class='ocrx_word' id='word_1_221' title='bbox 1144 3112 1231 3168; x_wconf 85' lang='lat' dir='ltr'><em>solum</em></span> <span class='ocrx_word' id='word_1_222' title='bbox 1246 3120 1297 3168; x_wconf 87' lang='lat' dir='ltr'><em>est.</em></span> 
     </span>
     <span class='ocr_line' id='line_1_33' title="bbox 440 3187 1150 3270; baseline 0.001 -19"><span class='ocrx_word' id='word_1_223' title='bbox 440 3195 519 3252; x_wconf 85' lang='lat' dir='ltr'><em>Talia</em></span> <span class='ocrx_word' id='word_1_224' title='bbox 541 3199 678 3254; x_wconf 84' lang='lat' dir='ltr'><em>nitentem</em></span> <span class='ocrx_word' id='word_1_225' title='bbox 693 3187 902 3254; x_wconf 77' lang='lat' dir='ltr'><em>meditando&#39;et</em></span> <span class='ocrx_word' id='word_1_226' title='bbox 926 3205 1051 3270; x_wconf 87' lang='lat' dir='ltr'><em>tempora</em></span> <span class='ocrx_word' id='word_1_227' title='bbox 1071 3195 1150 3268; x_wconf 76' lang='lat' dir='ltr'><em>sorte</em></span> 
     </span>
     <span class='ocr_line' id='line_1_34' title="bbox 370 3278 1148 3354; baseline 0.003 -18"><span class='ocrx_word' id='word_1_228' title='bbox 370 3278 525 3338; x_wconf 81' lang='lat' dir='ltr'><em>Ducentem</em></span> <span class='ocrx_word' id='word_1_229' title='bbox 546 3289 575 3338; x_wconf 90' lang='lat' dir='ltr'><em>et</em></span> <span class='ocrx_word' id='word_1_230' title='bbox 591 3285 698 3354; x_wconf 88' lang='lat' dir='ltr'><em>primos</em></span> <span class='ocrx_word' id='word_1_231' title='bbox 720 3285 863 3340; x_wconf 86' lang='lat' dir='ltr'><em>rodentem</em></span> <span class='ocrx_word' id='word_1_232' title='bbox 886 3285 1025 3339; x_wconf 89' lang='lat' dir='ltr'><em>mordicus</em></span> <span class='ocrx_word' id='word_1_233' title='bbox 1043 3296 1148 3354; x_wconf 77' lang='lat' dir='ltr'><em>icapeees</em></span> 
     </span>
     <span class='ocr_line' id='line_1_35' title="bbox 370 3364 1110 3447; baseline 0 -25"><span class='ocrx_word' id='word_1_234' title='bbox 370 3364 460 3447; x_wconf 61' lang='lat' dir='ltr'><em>llorte</em></span> <span class='ocrx_word' id='word_1_235' title='bbox 479 3374 521 3436; x_wconf 89' lang='lat' dir='ltr'><em>et,</em></span> <span class='ocrx_word' id='word_1_236' title='bbox 543 3370 647 3424; x_wconf 71' lang='lat' dir='ltr'><em>milities</em></span> <span class='ocrx_word' id='word_1_237' title='bbox 667 3375 699 3425; x_wconf 89' lang='lat' dir='ltr'><em>ut</em></span> <span class='ocrx_word' id='word_1_238' title='bbox 716 3371 853 3441; x_wconf 84' lang='lat' dir='ltr'><em>periisent</em></span> <span class='ocrx_word' id='word_1_239' title='bbox 874 3371 1011 3425; x_wconf 77' lang='lat' dir='ltr'><em>kactenus</em></span> <span class='ocrx_word' id='word_1_240' title='bbox 1030 3372 1110 3423; x_wconf 86' lang='lat' dir='ltr'><em>ortes</em></span> 
     </span>
     <span class='ocr_line' id='line_1_36' title="bbox 371 3449 1263 3527; baseline 0.001 -21"><span class='ocrx_word' id='word_1_241' title='bbox 371 3449 441 3507; x_wconf 79' lang='lat' dir='ltr'><em>Cum</em></span> <span class='ocrx_word' id='word_1_242' title='bbox 459 3455 585 3526; x_wconf 73' lang='lat' dir='ltr'><em>reliquis,</em></span> <span class='ocrx_word' id='word_1_243' title='bbox 603 3471 666 3527; x_wconf 76' lang='lat' dir='ltr'><em>quse</em></span> <span class='ocrx_word' id='word_1_244' title='bbox 680 3454 788 3526; x_wconf 75' lang='lat' dir='ltr'><em>samam</em></span> <span class='ocrx_word' id='word_1_245' title='bbox 804 3454 908 3510; x_wconf 75' lang='lat' dir='ltr'><em>tuemini</em></span> <span class='ocrx_word' id='word_1_246' title='bbox 923 3460 1113 3525; x_wconf 75' lang='lat' dir='ltr'><em>eternumque</em></span> <span class='ocrx_word' id='word_1_247' title='bbox 1135 3453 1263 3509; x_wconf 74' lang='lat' dir='ltr'><em>tulissent</em></span> 
     </span>
     <span class='ocr_line' id='line_1_37' title="bbox 333 3535 1154 3611; baseline 0.002 -21"><span class='ocrx_word' id='word_1_248' title='bbox 333 3549 360 3590; x_wconf 79' lang='lat' dir='ltr'><em>so</em></span> <span class='ocrx_word' id='word_1_249' title='bbox 374 3535 414 3590; x_wconf 82' lang='lat' dir='ltr'><em>El</em></span> <span class='ocrx_word' id='word_1_250' title='bbox 435 3538 520 3596; x_wconf 87' lang='lat' dir='ltr'><em>decus</em></span> <span class='ocrx_word' id='word_1_251' title='bbox 540 3545 567 3594; x_wconf 90' lang='lat' dir='ltr'><em>et</em></span> <span class='ocrx_word' id='word_1_252' title='bbox 586 3542 724 3611; x_wconf 86' lang='lat' dir='ltr'><em>pretium,</em></span> <span class='ocrx_word' id='word_1_253' title='bbox 748 3540 862 3606; x_wconf 82' lang='lat' dir='ltr'><em>studiis,</em></span> <span class='ocrx_word' id='word_1_254' title='bbox 880 3540 931 3595; x_wconf 75' lang='lat' dir='ltr'><em>scio</em></span> <span class='ocrx_word' id='word_1_255' title='bbox 952 3545 1033 3594; x_wconf 86' lang='lat' dir='ltr'><em>nocte</em></span> <span class='ocrx_word' id='word_1_256' title='bbox 1053 3552 1154 3594; x_wconf 87' lang='lat' dir='ltr'><em>serena</em></span> 
     </span>
     <span class='ocr_line' id='line_1_38' title="bbox 373 3619 1047 3696; baseline 0.001 -19"><span class='ocrx_word' id='word_1_257' title='bbox 373 3619 526 3679; x_wconf 89' lang='lat' dir='ltr'><em>Sollicitum</em></span> <span class='ocrx_word' id='word_1_258' title='bbox 545 3626 670 3680; x_wconf 70' lang='lat' dir='ltr'><em>exanimi</em></span> <span class='ocrx_word' id='word_1_259' title='bbox 689 3640 802 3680; x_wconf 77' lang='lat' dir='ltr'><em>samnius</em></span> <span class='ocrx_word' id='word_1_260' title='bbox 823 3639 936 3680; x_wconf 88' lang='lat' dir='ltr'><em>cessure</em></span> <span class='ocrx_word' id='word_1_261' title='bbox 956 3627 1047 3696; x_wconf 87' lang='lat' dir='ltr'><em>quiete</em></span> 
     </span>
     <span class='ocr_line' id='line_1_39' title="bbox 371 3705 1065 3766; baseline -0.001 -5"><span class='ocrx_word' id='word_1_262' title='bbox 371 3705 412 3761; x_wconf 77' lang='lat' dir='ltr'><em>Et</em></span> <span class='ocrx_word' id='word_1_263' title='bbox 437 3709 574 3764; x_wconf 81' lang='lat' dir='ltr'><em>osandure</em></span> <span class='ocrx_word' id='word_1_264' title='bbox 594 3709 668 3764; x_wconf 82' lang='lat' dir='ltr'><em>iubet</em></span> <span class='ocrx_word' id='word_1_265' title='bbox 690 3716 815 3766; x_wconf 78' lang='lat' dir='ltr'><em>uenturae</em></span> <span class='ocrx_word' id='word_1_266' title='bbox 838 3711 973 3764; x_wconf 84' lang='lat' dir='ltr'><em>instantia</em></span> <span class='ocrx_word' id='word_1_267' title='bbox 995 3709 1065 3763; x_wconf 87' lang='lat' dir='ltr'><em>luci:</em></span> 
     </span>
     <span class='ocr_line' id='line_1_40' title="bbox 376 3790 1073 3866; baseline 0.006 -21"><span class='ocrx_word' id='word_1_268' title='bbox 376 3790 454 3847; x_wconf 81' lang='lat' dir='ltr'><em>Turw</em></span> <span class='ocrx_word' id='word_1_269' title='bbox 475 3796 538 3849; x_wconf 89' lang='lat' dir='ltr'><em>ansi</em></span> <span class='ocrx_word' id='word_1_270' title='bbox 552 3809 643 3866; x_wconf 88' lang='lat' dir='ltr'><em>puros</em></span> <span class='ocrx_word' id='word_1_271' title='bbox 661 3796 771 3850; x_wconf 86' lang='lat' dir='ltr'><em>memini</em></span> <span class='ocrx_word' id='word_1_272' title='bbox 791 3808 833 3850; x_wconf 89' lang='lat' dir='ltr'><em>me</em></span> <span class='ocrx_word' id='word_1_273' title='bbox 853 3808 974 3866; x_wconf 88' lang='lat' dir='ltr'><em>carpere</em></span> <span class='ocrx_word' id='word_1_274' title='bbox 998 3793 1073 3849; x_wconf 86' lang='lat' dir='ltr'><em>diuos</em></span> 
     </span>
    </p>
   </div>
   <div class='ocr_carea' id='block_1_3' title="bbox 333 3875 1236 4207">
    <p class='ocr_par' dir='ltr' id='par_1_3' title="bbox 333 3875 1236 4037">
     <span class='ocr_line' id='line_1_41' title="bbox 374 3875 1236 3952; baseline 0.002 -21"><span class='ocrx_word' id='word_1_275' title='bbox 374 3876 495 3943; x_wconf 84' lang='lat' dir='ltr'><em>‘Stulte‚</em></span> <span class='ocrx_word' id='word_1_276' title='bbox 518 3879 656 3950; x_wconf 76' lang='lat' dir='ltr'><em>quidhoc</em></span> <span class='ocrx_word' id='word_1_277' title='bbox 679 3883 792 3936; x_wconf 81' lang='lat' dir='ltr'><em>tentas?</em></span> <span class='ocrx_word' id='word_1_278' title='bbox 813 3880 866 3935; x_wconf 87' lang='lat' dir='ltr'><em>alio</em></span> <span class='ocrx_word' id='word_1_279' title='bbox 887 3879 932 3934; x_wconf 74' lang='lat' dir='ltr'><em>liic</em></span> <span class='ocrx_word' id='word_1_280' title='bbox 949 3893 1019 3952; x_wconf 90' lang='lat' dir='ltr'><em>opus</em></span> <span class='ocrx_word' id='word_1_281' title='bbox 1036 3891 1095 3933; x_wconf 84' lang='lat' dir='ltr'><em>csse</em></span> <span class='ocrx_word' id='word_1_282' title='bbox 1117 3875 1236 3933; x_wconf 87' lang='lat' dir='ltr'><em>Marone</em></span> 
     </span>
     <span class='ocr_line' id='line_1_42' title="bbox 333 3962 1200 4037; baseline 0.001 -23"><span class='ocrx_word' id='word_1_283' title='bbox 333 3974 359 4013; x_wconf 77' lang='lat' dir='ltr'><em>ss</em></span> <span class='ocrx_word' id='word_1_284' title='bbox 374 3962 453 4017; x_wconf 83' lang='lat' dir='ltr'><em>‘Non</em></span> <span class='ocrx_word' id='word_1_285' title='bbox 472 3966 580 4018; x_wconf 75' lang='lat' dir='ltr'><em>seniis?</em></span> <span class='ocrx_word' id='word_1_286' title='bbox 598 3981 662 4036; x_wconf 78' lang='lat' dir='ltr'><em>ona</em></span> <span class='ocrx_word' id='word_1_287' title='bbox 684 3971 712 4020; x_wconf 89' lang='lat' dir='ltr'><em>te</em></span> <span class='ocrx_word' id='word_1_288' title='bbox 734 3970 792 4019; x_wconf 89' lang='lat' dir='ltr'><em>tam</em></span> <span class='ocrx_word' id='word_1_289' title='bbox 804 3980 927 4037; x_wconf 87' lang='lat' dir='ltr'><em>pronum</em></span> <span class='ocrx_word' id='word_1_290' title='bbox 948 3965 1068 4020; x_wconf 87' lang='lat' dir='ltr'><em>audacia</em></span> <span class='ocrx_word' id='word_1_291' title='bbox 1086 3963 1200 4018; x_wconf 81' lang='lat' dir='ltr'><em>reddit?</em></span> 
     </span>
    </p>

    <p class='ocr_par' dir='ltr' id='par_1_4' title="bbox 372 4046 1037 4123">
     <span class='ocr_line' id='line_1_43' title="bbox 372 4046 1037 4123; baseline 0.005 -22"><span class='ocrx_word' id='word_1_292' title='bbox 372 4046 486 4118; x_wconf 80' lang='lat' dir='ltr'><em>‘Usque</em></span> <span class='ocrx_word' id='word_1_293' title='bbox 505 4049 575 4103; x_wconf 90' lang='lat' dir='ltr'><em>adeo</em></span> <span class='ocrx_word' id='word_1_294' title='bbox 595 4048 711 4121; x_wconf 76' lang='lat' dir='ltr'><em>[matra</em></span> <span class='ocrx_word' id='word_1_295' title='bbox 728 4050 824 4123; x_wconf 77' lang='lat' dir='ltr'><em>felicia</em></span> <span class='ocrx_word' id='word_1_296' title='bbox 844 4049 939 4106; x_wconf 85' lang='lat' dir='ltr'><em>secula</em></span> <span class='ocrx_word' id='word_1_297' title='bbox 959 4054 1037 4106; x_wconf 82' lang='lat' dir='ltr'><em>uates</em></span> 
     </span>
    </p>

    <p class='ocr_par' dir='ltr' id='par_1_5' title="bbox 374 4131 1136 4207">
     <span class='ocr_line' id='line_1_44' title="bbox 374 4131 1136 4207; baseline 0.001 -22"><span class='ocrx_word' id='word_1_298' title='bbox 374 4131 443 4186; x_wconf 83' lang='lat' dir='ltr'><em>‘Tot</em></span> <span class='ocrx_word' id='word_1_299' title='bbox 463 4133 606 4202; x_wconf 78' lang='lat' dir='ltr'><em>dederint,</em></span> <span class='ocrx_word' id='word_1_300' title='bbox 627 4139 658 4189; x_wconf 88' lang='lat' dir='ltr'><em>nt</em></span> <span class='ocrx_word' id='word_1_301' title='bbox 680 4141 708 4190; x_wconf 92' lang='lat' dir='ltr'><em>te</em></span> <span class='ocrx_word' id='word_1_302' title='bbox 724 4140 836 4207; x_wconf 88' lang='lat' dir='ltr'><em>precter</em></span> <span class='ocrx_word' id='word_1_303' title='bbox 858 4152 914 4191; x_wconf 91' lang='lat' dir='ltr'><em>non</em></span> <span class='ocrx_word' id='word_1_304' title='bbox 937 4134 1042 4190; x_wconf 87' lang='lat' dir='ltr'><em>audeat</em></span> <span class='ocrx_word' id='word_1_305' title='bbox 1063 4132 1136 4187; x_wconf 73' lang='lat' dir='ltr'><em>uluis</em></span> 
     </span>
    </p>
   </div>
   <div class='ocr_carea' id='block_1_4' title="bbox 373 4216 1135 4376">
    <p class='ocr_par' dir='ltr' id='par_1_6' title="bbox 373 4216 1135 4376">
     <span class='ocr_line' id='line_1_45' title="bbox 376 4216 1135 4292; baseline 0 -21"><span class='ocrx_word' id='word_1_306' title='bbox 376 4216 462 4272; x_wconf 84' lang='lat' dir='ltr'><em>‘Tum</em></span> <span class='ocrx_word' id='word_1_307' title='bbox 485 4218 598 4290; x_wconf 56' lang='lat' dir='ltr'><em>dunum</em></span> <span class='ocrx_word' id='word_1_308' title='bbox 616 4220 723 4292; x_wconf 76' lang='lat' dir='ltr'><em>inpenio</em></span> <span class='ocrx_word' id='word_1_309' title='bbox 743 4219 876 4292; x_wconf 72' lang='lat' dir='ltr'><em>facinus?</em></span> <span class='ocrx_word' id='word_1_310' title='bbox 898 4220 1023 4274; x_wconf 89' lang='lat' dir='ltr'><em>donatur</em></span> <span class='ocrx_word' id='word_1_311' title='bbox 1043 4218 1135 4272; x_wconf 90' lang='lat' dir='ltr'><em>amari</em></span> 
     </span>
     <span class='ocr_line' id='line_1_46' title="bbox 373 4300 1121 4376; baseline -0.003 -19"><span class='ocrx_word' id='word_1_312' title='bbox 373 4300 422 4357; x_wconf 88' lang='lat' dir='ltr'><em>‘Si</em></span> <span class='ocrx_word' id='word_1_313' title='bbox 437 4303 597 4376; x_wconf 81' lang='lat' dir='ltr'><em>quicquam,</em></span> <span class='ocrx_word' id='word_1_314' title='bbox 620 4307 750 4361; x_wconf 78' lang='lat' dir='ltr'><em>cecinisse</em></span> <span class='ocrx_word' id='word_1_315' title='bbox 771 4320 838 4360; x_wconf 84' lang='lat' dir='ltr'><em>cave</em></span> <span class='ocrx_word' id='word_1_316' title='bbox 856 4306 988 4361; x_wconf 86' lang='lat' dir='ltr'><em>detentus</em></span> <span class='ocrx_word' id='word_1_317' title='bbox 1009 4316 1121 4359; x_wconf 86' lang='lat' dir='ltr'><em>amore:</em></span> 
     </span>
    </p>
   </div>
   <div class='ocr_carea' id='block_1_5' title="bbox 170 4498 1470 4825">
    <p class='ocr_par' dir='ltr' id='par_1_7' title="bbox 170 4498 1470 4825">
     <span class='ocr_line' id='line_1_47' title="bbox 237 4498 1470 4566; baseline -0.002 -17"><span class='ocrx_word' id='word_1_318' title='bbox 237 4498 260 4532; x_wconf 81' lang='lat'><em>²⁴</em></span> <span class='ocrx_word' id='word_1_319' title='bbox 278 4500 434 4566; x_wconf 65' lang='lat' dir='ltr'><em>phaebum!</em></span> <span class='ocrx_word' id='word_1_320' title='bbox 453 4506 491 4553; x_wconf 83' lang='lat' dir='ltr'><em>sic</em></span> <span class='ocrx_word' id='word_1_321' title='bbox 510 4508 542 4553; x_wconf 72' lang='lat' dir='ltr'><em>n.</em></span> <span class='ocrx_word' id='word_1_322' title='bbox 582 4505 752 4566; x_wconf 74' lang='lat' dir='ltr'><em>Versiflcator</em></span> <span class='ocrx_word' id='word_1_323' title='bbox 763 4511 835 4555; x_wconf 81' lang='lat' dir='ltr'><em>certe</em></span> <span class='ocrx_word' id='word_1_324' title='bbox 853 4503 962 4554; x_wconf 80' lang='lat' dir='ltr'><em>debebat</em></span> <span class='ocrx_word' id='word_1_325' title='bbox 973 4503 1087 4554; x_wconf 74' lang='lat' dir='ltr'><em>seribere</em></span> <span class='ocrx_word' id='word_1_326' title='bbox 1100 4501 1218 4551; x_wconf 80' lang='lat' dir='ltr'><em>Mavors.</em></span> <span class='ocrx_word' id='word_1_327' title='bbox 1233 4498 1470 4549; x_wconf 60' lang='lat' dir='ltr'><em>(sationum-</em></span> 
     </span>
     <span class='ocr_line' id='line_1_48' title="bbox 171 4581 1469 4654; baseline -0.002 -19"><span class='ocrx_word' id='word_1_328' title='bbox 171 4586 243 4635; x_wconf 78' lang='lat' dir='ltr'><em>ciaa:</em></span> <span class='ocrx_word' id='word_1_329' title='bbox 264 4586 349 4636; x_wconf 80' lang='lat' dir='ltr'><em>‘Mars</em></span> <span class='ocrx_word' id='word_1_330' title='bbox 360 4585 486 4638; x_wconf 68' lang='lat' dir='ltr'><em>Thracen</em></span> <span class='ocrx_word' id='word_1_331' title='bbox 500 4592 628 4654; x_wconf 77' lang='lat' dir='ltr'><em>occupat·</em></span> <span class='ocrx_word' id='word_1_332' title='bbox 642 4589 729 4648; x_wconf 82' lang='lat' dir='ltr'><em>(lton.</em></span> <span class='ocrx_word' id='word_1_333' title='bbox 743 4587 795 4638; x_wconf 86' lang='lat' dir='ltr'><em>Od.</em></span> <span class='ocrx_word' id='word_1_334' title='bbox 809 4589 885 4640; x_wconf 88' lang='lat' dir='ltr'><em>Vlll.</em></span> <span class='ocrx_word' id='word_1_335' title='bbox 899 4589 957 4638; x_wconf 75' lang='lat'><em>361.</em></span> <span class='ocrx_word' id='word_1_336' title='bbox 972 4588 1042 4651; x_wconf 85' lang='lat' dir='ltr'><em>Oold.</em></span> <span class='ocrx_word' id='word_1_337' title='bbox 1055 4591 1107 4638; x_wconf 80' lang='lat' dir='ltr'><em>art.</em></span> <span class='ocrx_word' id='word_1_338' title='bbox 1121 4601 1173 4636; x_wconf 77' lang='lat' dir='ltr'><em>um.</em></span> <span class='ocrx_word' id='word_1_339' title='bbox 1186 4585 1223 4637; x_wconf 89' lang='lat'><em>11.</em></span> <span class='ocrx_word' id='word_1_340' title='bbox 1235 4581 1316 4647; x_wconf 81' lang='grc'>588.).</span> <span class='ocrx_word' id='word_1_341' title='bbox 1335 4585 1371 4634; x_wconf 86' lang='lat' dir='ltr'><em>Et</em></span> <span class='ocrx_word' id='word_1_342' title='bbox 1382 4584 1469 4634; x_wconf 78' lang='lat' dir='ltr'>Thn-</span> 
     </span>
     <span class='ocr_line' id='line_1_49' title="bbox 171 4667 1468 4735; baseline 0.003 -16"><span class='ocrx_word' id='word_1_343' title='bbox 171 4669 219 4719; x_wconf 75' lang='lat' dir='ltr'><em>aia</em></span> <span class='ocrx_word' id='word_1_344' title='bbox 236 4671 299 4735; x_wconf 73' lang='lat' dir='ltr'><em>ipsa</em></span> <span class='ocrx_word' id='word_1_345' title='bbox 316 4671 457 4723; x_wconf 74' lang='lat' dir='ltr'><em>Mavortia</em></span> <span class='ocrx_word' id='word_1_346' title='bbox 476 4679 531 4733; x_wconf 79' lang='lat' dir='ltr'><em>est,</em></span> <span class='ocrx_word' id='word_1_347' title='bbox 552 4690 569 4723; x_wconf 84' lang='lat' dir='ltr'><em>a</em></span> <span class='ocrx_word' id='word_1_348' title='bbox 587 4673 712 4735; x_wconf 75' lang='lat' dir='ltr'><em>Thrace,</em></span> <span class='ocrx_word' id='word_1_349' title='bbox 731 4673 829 4724; x_wconf 76' lang='lat' dir='ltr'><em>Martia</em></span> <span class='ocrx_word' id='word_1_350' title='bbox 847 4673 918 4734; x_wconf 86' lang='lat' dir='ltr'><em>filio,</em></span> <span class='ocrx_word' id='word_1_351' title='bbox 938 4673 1024 4725; x_wconf 82' lang='lat' dir='ltr'><em>dicta.</em></span> <span class='ocrx_word' id='word_1_352' title='bbox 1076 4669 1099 4703; x_wconf 80' lang='lat'><em>⁸⁴</em></span> <span class='ocrx_word' id='word_1_353' title='bbox 1117 4670 1195 4721; x_wconf 80' lang='lat' dir='ltr'><em>fluuit</em></span> <span class='ocrx_word' id='word_1_354' title='bbox 1213 4674 1246 4720; x_wconf 75' lang='grc' dir='ltr'><em>Ι.</em></span> <span class='ocrx_word' id='word_1_355' title='bbox 1299 4667 1322 4702; x_wconf 69' lang='lat'><em>4’</em></span> <span class='ocrx_word' id='word_1_356' title='bbox 1343 4669 1468 4723; x_wconf 69' lang='lat' dir='ltr'><em>tamt‘l.</em></span> 
     </span>
     <span class='ocr_line' id='line_1_50' title="bbox 170 4752 700 4825; baseline -0.004 -17"><span class='ocrx_word' id='word_1_357' title='bbox 170 4752 194 4786; x_wconf 72' lang='lat'><em>⁸⁸</em></span> <span class='ocrx_word' id='word_1_358' title='bbox 210 4753 283 4822; x_wconf 75' lang='lat' dir='ltr'><em>Non]</em></span> <span class='ocrx_word' id='word_1_359' title='bbox 302 4757 372 4807; x_wconf 72' lang='lat' dir='ltr'><em>Nam</em></span> <span class='ocrx_word' id='word_1_360' title='bbox 390 4764 423 4808; x_wconf 70' lang='grc' dir='ltr'><em>Ι.</em></span> <span class='ocrx_word' id='word_1_361' title='bbox 476 4758 499 4791; x_wconf 80' lang='lat'><em>⁸¹</em></span> <span class='ocrx_word' id='word_1_362' title='bbox 517 4759 648 4825; x_wconf 79' lang='lat' dir='ltr'><em>coedaque</em></span> <span class='ocrx_word' id='word_1_363' title='bbox 667 4763 700 4806; x_wconf 70' lang='grc' dir='ltr'><em>Ι.</em></span> 
     </span>
    </p>
   </div>
   <div class='ocr_carea' id='block_1_6' title="bbox 0 0 1698 5408">
    <p class='ocr_par' dir='ltr' id='par_1_8' title="bbox 0 0 1698 5408">
     <span class='ocr_line' id='line_1_51' title="bbox 0 0 1698 5408; baseline 0 0"><span class='ocrx_word' id='word_1_364' title='bbox 0 0 1698 5408; x_wconf 95' lang='lat' dir='ltr'><em> </em></span> 
     </span>
    </p>
   </div>
  </div>
 </body>
</html>
