3294 5408
557 404 690 439 nvnovlcl
704 405 821 439 naniam
832 405 959 472 pultario
973 407 1095 442 LEONVK.
1160 381 1463 461 -181

175 577 218 618 ne
235 567 290 617 tuce
309 560 474 617 humanitati
493 577 528 616 ac
550 561 683 616 diuinitati
702 578 804 618 morem
824 565 949 635 passchae,
971 564 1077 635 tibique,
1100 566 1126 619 si
1142 557 1209 621 ¹lua'c
1229 573 1283 623 tissa
1304 570 1475 640 expeditioni

174 648 355 703 sanctissimae
376 646 449 701 banc
472 649 551 701 uitam
579 661 665 700 meam
693 642 847 703 condoluere
870 648 1041 716 arbitrabor,
1071 664 1131 704 eom
1154 651 1270 709 devoveo
1299 670 1333 708 oc
1361 654 1471 727 quibus-

174 745 290 804 cumque
316 732 482 787 cruciatibus
511 730 638 799 exhibea,
667 734 731 804 quia
755 738 782 786 tu
795 749 852 805 pra
876 735 943 788 meis
967 750 1002 788 ac
1025 735 1143 790 aliorum
1156 739 1281 809 peccatis
1303 745 1376 794 tuam
1395 742 1473 795 miris

175 822 372 872 tormentorum
393 818 529 887 exemptis
548 818 807 888 excarnificandam
826 819 971 874 tradidisti.

778 935 866 991 Finis.

620 1234 822 1295 eenot'tet
849 1236 1026 1295 HELIANI

653 1351 820 1403 VENATIO
838 1352 1000 1403 LEONVM

239 1449 392 1494 martian
407 1447 558 1498 MAXIMVS,
575 1423 679 1490 cs'sssrtt
693 1448 856 1495 AVGl'STVS.
873 1448 938 1491 REX
950 1449 1144 1505 sttracont‘m,
1158 1452 1226 1495 REX
1236 1453 1409 1496 Aeneam

728 1516 911 1559 resarcires,

383 1625 536 1681 Venantum
557 1628 683 1681 canimus
701 1626 808 1698 Repum
831 1634 856 1680 et
875 1627 942 1699 sera
961 1627 1031 1682 bella
1053 1629 1161 1684 leonum

461 1710 643 1782 Maximoque
665 1714 758 1766 insani
775 1711 882 1783 funera
901 1711 1002 1766 Martis
1024 1728 1104 1784 opas.
1162 1707 1168 1716 ’
1217 1701 1219 1705 ’

376 1798 471 1865 Alma,
487 1795 569 1867 save,
592 1812 734 1852 armorum
757 1804 782 1850 et
802 1813 945 1852 tremorum
970 1796 1095 1853 Tritonia
1109 1813 1235 1870 praeses,

351 1898 363 1938 s
464 1881 512 1947 Et,
535 1882 585 1952 qui
604 1881 673 1935 bella
696 1883 787 1935 colunt
808 1888 835 1935 et
855 1885 918 1952 iupa
939 1896 1062 1949 sarrana,
1082 1883 1135 1939 slei.

377 1965 478 2031 Dicite,
501 1981 548 2020 oos
569 1964 660 2020 Musca
679 1965 787 2032 dulces,
809 1967 871 2037 quis
886 1966 1012 2020 crederet
1033 1984 1155 2039 orisquam

461 2052 591 2123 Aequora
612 2050 778 2122 stclmcomas
799 2052 946 2106 incoluisse
965 2049 1047 2121 seras

377 2138 431 2190 Aut
452 2142 556 2190 terram
570 2136 719 2190 Ausoniam
740 2136 860 2207 aliperus
882 2135 985 2190 almuse
1003 2137 1109 2204 leones,

351 2239 364 2275 s
464 2219 633 2291 Quamquam
658 2219 793 2290 Cyclopas
813 2219 903 2274 Sicilis
925 2237 977 2274 ara
996 2223 1073 2275 tulit?

378 2305 439 2360 Non
458 2304 503 2360 bic
524 2305 619 2360 Aetola
642 2304 747 2360 dicetur
768 2305 881 2375 cuspide
899 2306 980 2375 finus

462 2389 565 2455 Cerva,
586 2404 638 2443 noc
662 2388 799 2445 Herculeo
822 2388 922 2444 robore
943 2396 1042 2461 captus
1063 2406 1151 2462 aper:

375 2474 474 2530 Dicam
496 2481 619 2529 monstra
636 2472 790 2542 homiuum,
813 2480 839 2528 et
859 2476 920 2546 quis
939 2477 1144 2531 commutaverit
1162 2475 1225 2544 illa,

339 2575 363 2615 n
461 2559 499 2613 Et
518 2559 641 2625 scelera,
664 2566 690 2613 et
704 2574 834 2630 pupnas:
856 2561 986 2630 accipite,
1008 2562 1117 2632 incipio.

377 2643 456 2711 Quod
470 2657 563 2710 mare,
583 2643 657 2713 quad
675 2645 752 2698 tellus
772 2646 827 2699 iam
846 2646 901 2697 iam
924 2647 1034 2716 captiua
1055 2648 1173 2715 iaceret,

462 2728 522 2784 Non
542 2726 598 2799 suit
618 2727 679 2783 bac
697 2728 781 2796 ltitis,
803 2744 854 2783 nec
873 2729 929 2800 suit
950 2732 995 2785 ira
1019 2730 1109 2786 laub:

379 2813 471 2870 Omnis
492 2819 555 2867 erat
571 2814 659 2883 piceis
680 2813 856 2884 Aquilonibus
876 2814 973 2868 obruta
997 2817 1109 2883 classis,

340 2916 364 2955 ta
464 2897 598 2952 Restabat
618 2903 670 2952 toto
692 2898 769 2952 niella
793 2901 892 2952 carina
912 2902 1000 2953 mari.-

380 2984 457 3038 Tanc
475 2984 596 3053 primum
617 2984 731 3036 timuere
751 2982 875 3038 homines
895 2984 1008 3038 sulcare
1023 2983 1218 3055 profundum,

462 3067 520 3121 Nec
541 3069 589 3138 qui
604 3081 634 3121 se
656 3069 740 3122 ventis
762 3069 877 3122 credere
899 3069 1073 3123 collaterat:

345 3174 353 3195 κ
376 3153 474 3208 Nullus
494 3151 649 3206 honorabat
669 3153 765 3206 tumitli
778 3155 830 3223 pia
853 3156 967 3207 numina
985 3155 1078 3224 ponti,

338 3253 364 3292 aa
472 3236 591 3307 Votaque
610 3236 744 3304 solvebat,
766 3252 898 3309 ticinaque
916 3237 999 3292 thura
1016 3237 1116 3293 dabat:

379 3322 404 3377 Τ
402 3339 446 3378 um
464 3323 586 3392 praviter
606 3321 742 3393 [rauciens
766 3324 914 3377 vitrearum
936 3329 1028 3377 rector
1044 3339 1182 3394 aquarum
1224 3364 1233 3375 „

462 3406 621 3461 Humanum
643 3408 724 3461 aoltsit
743 3421 868 3478 inerperc
887 3421 963 3478 saepe
983 3422 1083 3478 penus,

376 3491 578 3547 Deucalioneas
596 3493 651 3544 iam
673 3499 715 3545 ter
736 3498 916 3547 concusserat
931 3492 1037 3558 undas,

338 3593 363 3632 m
465 3575 591 3631 Perdere
612 3577 662 3629 seit
682 3577 764 3631 notuit
784 3592 834 3632 nas
854 3578 984 3648 proniore
1006 3579 1086 3631 malo.

378 3661 428 3716 Est
448 3663 537 3728 locus,
561 3660 679 3715 Adriaci
691 3662 832 3716 ‘Venetos'
851 3662 950 3716 disere
971 3655 1116 3732 ‘paludes',

462 3745 544 3800 Nunc
564 3760 656 3813 mare,
679 3762 755 3802 rnrcnc
777 3754 851 3802 terra
865 3753 919 3813 est,
940 3752 977 3800 tot
996 3752 1069 3801 rotat
1085 3746 1162 3802 undo
1180 3748 1268 3814 vices,

377 3829 500 3903 lllyrici,
521 3829 652 3885 Albenses
674 3838 699 3885 et
717 3833 807 3886 iuncto
828 3831 959 3887 Dalmata
978 3830 1093 3899 Sclaoo,

338 3933 363 3970 ns
462 3914 566 3986 Quique
588 3917 680 3971 colunt
701 3915 833 3983 Pontum,
856 3916 1006 3988 Cycladas,
1030 3924 1055 3971 et
1077 3915 1187 3986 Cilices,

244 4064 347 4113 Contra
366 4064 488 4113 Venetos
508 4062 607 4125 (Marci
633 4061 737 4112 alatum
762 4063 881 4126 leonem)
906 4063 1084 4128 paciscentes
1103 4062 1250 4114 Cameraci
1268 4064 1294 4114 d.
1309 4063 1348 4114 10.
1361 4066 1430 4114 Dec.
1444 4080 1470 4113 a.

177 4146 250 4197 1508.
269 4149 355 4197 Extat
378 4146 438 4197 haec
458 4147 533 4213 ‘liga'
558 4147 586 4196 in
610 4147 694 4211 Limip
712 4147 919 4197 aciens-Aren.
934 4149 1012 4198 Part.
1025 4164 1101 4213 spec.
1116 4149 1217 4199 contin.
1233 4147 1256 4198 l.
1269 4148 1351 4198 Abth.
1368 4147 1389 4196 l.
1404 4147 1469 4198 Aba.

178 4232 200 4281 Ι.
215 4249 240 4298 p.
257 4231 313 4281 128.
331 4231 387 4284 tan.
405 4233 448 4282 Du
466 4232 542 4283 Mont
560 4232 647 4297 Carpe
665 4233 739 4284 univ.
752 4231 863 4296 diplom.
878 4232 923 4281 IV.
940 4231 961 4280 l.
976 4232 1076 4297 ptis.
1090 4247 1148 4297 sqq.
1203 4231 1348 4282 ¹t‘erral.
1401 4231 1471 4282 'al-

174 4317 278 4383 ligeros
296 4321 321 4366 t.
375 4317 404 4350 Μ
421 4318 439 4366 i.
453 4333 475 4368 e.
490 4319 550 4382 quis
569 4316 695 4366 crederet
713 4317 864 4367 Ausoniam
883 4316 1016 4366 eiusmodi
1034 4321 1157 4366 monstra
1176 4315 1287 4376 aluisse,
1306 4329 1471 4381 quamquam

176 4417 244 4452 sane
262 4400 362 4451 Sicilia
380 4401 578 4467 Polyphemum
596 4406 756 4466 ceterosque
776 4400 923 4465 Cyclopas,
944 4405 1110 4452 monstrosas
1128 4400 1191 4450 illos
1210 4406 1238 4451 et
1257 4401 1391 4461 inmanes,
1411 4414 1472 4466 pra·

175 4487 339 4552 generavit?
409 4485 551 4536 ”aethela
569 4490 592 4535 t.
665 4485 686 4518 ¹⁰
705 4486 795 4536 Cerva
814 4484 953 4549 Cerynitis
972 4500 1021 4550 pro
1039 4484 1177 4535 Arcadica
1195 4485 1254 4534 sive
1273 4483 1399 4535 Achaica
1417 4499 1472 4535 non

174 4575 251 4621 recte
275 4570 378 4621 dicitnr
394 4569 503 4621 Aetola.
539 4570 613 4635 Aper
637 4575 679 4620 est
696 4569 902 4635 Erymanthius.
938 4569 1022 4634 Verg.
1035 4569 1104 4619 Aen.
1122 4569 1169 4618 VI.
1183 4567 1242 4618 801.
1256 4584 1315 4635 sqq.
1335 4605 1377 4631 „..
1396 4569 1472 4620 Alci-

174 4655 223 4706 des
288 4654 396 4706 Fixerit
414 4654 563 4719 aeripedem
582 4671 693 4705 cervam
711 4655 778 4705 licet
798 4659 845 4704 aut
863 4654 1025 4717 Erymanthi
1043 4654 1159 4703 Pacarit
1176 4667 1290 4704 nemora
1308 4654 1348 4703 ..”
1366 4653 1470 4720 Haupt.

176 4738 198 4771 ¹⁵
216 4736 317 4805 piceis]
337 4739 531 4789 tenebricosis.
585 4736 664 4804 ¹⁸⁸0]
684 4739 709 4788 si
729 4742 751 4789 t.
806 4737 825 4770 ¹⁹
844 4738 943 4788 rumidi
962 4743 985 4789 t.
1038 4735 1060 4770 ²⁸
1080 4736 1217 4788 cicladas:
1232 4742 1257 4788 t.
