<?xml version="1.0" encoding="UTF-8"?>
<!DOCTYPE html PUBLIC "-//W3C//DTD XHTML 1.0 Transitional//EN"
    "http://www.w3.org/TR/xhtml1/DTD/xhtml1-transitional.dtd">
<html xmlns="http://www.w3.org/1999/xhtml" xml:lang="en" lang="en">
 <head>
  <title>
</title>
<meta http-equiv="Content-Type" content="text/html;charset=utf-8" />
  <meta name='ocr-system' content='tesseract 3.04.00' />
  <meta name='ocr-capabilities' content='ocr_page ocr_carea ocr_par ocr_line ocrx_word'/>
</head>
<body>
  <div class='ocr_page' id='page_1' title='image "./ulrichihuttenie04huttgoog_0218.png"; bbox 0 0 3294 5408; ppageno 0'>
   <div class='ocr_carea' id='block_1_1' title="bbox 147 389 1404 461">
    <p class='ocr_par' dir='ltr' id='par_1_1' title="bbox 147 389 1404 461">
     <span class='ocr_line' id='line_1_1' title="bbox 147 389 1404 461; baseline -0.002 -5"><span class='ocrx_word' id='word_1_1' title='bbox 147 421 268 458; x_wconf 68' lang='lat' dir='ltr'><strong><em>numm</em></strong></span> <span class='ocrx_word' id='word_1_2' title='bbox 282 422 319 457; x_wconf 70' lang='grc' dir='ltr'><strong>Μ</strong></span> <span class='ocrx_word' id='word_1_3' title='bbox 332 424 421 459; x_wconf 67' lang='grc' dir='ltr'><strong><em>ΒΈΜιΟ</em></strong></span> <span class='ocrx_word' id='word_1_4' title='bbox 436 423 511 458; x_wconf 76' lang='lat' dir='ltr'><strong><em>SVSC.</em></strong></span> <span class='ocrx_word' id='word_1_5' title='bbox 524 423 589 457; x_wconf 74' lang='lat' dir='ltr'><strong><em>ADV·</em></strong></span> <span class='ocrx_word' id='word_1_6' title='bbox 601 422 701 457; x_wconf 70' lang='lat' dir='ltr'>VENET.</span> <span class='ocrx_word' id='word_1_7' title='bbox 712 421 746 455; x_wconf 78' lang='lat' dir='ltr'><strong><em>ET</em></strong></span> <span class='ocrx_word' id='word_1_8' title='bbox 760 421 865 455; x_wconf 67' lang='lat' dir='ltr'><strong><em>Tenens</em></strong></span> <span class='ocrx_word' id='word_1_9' title='bbox 882 421 984 456; x_wconf 75' lang='lat' dir='ltr'><strong><em>ons&#39;iio</em></strong></span> <span class='ocrx_word' id='word_1_10' title='bbox 998 419 1130 461; x_wconf 65' lang='lat' dir='ltr'><strong><em>lumb.</em></strong></span> <span class='ocrx_word' id='word_1_11' title='bbox 1141 420 1205 455; x_wconf 75' lang='lat' dir='ltr'><strong><em>AVG.</em></strong></span> <span class='ocrx_word' id='word_1_12' title='bbox 1218 418 1311 455; x_wconf 65' lang='lat' dir='ltr'><strong><em>DICTA·</em></strong></span> <span class='ocrx_word' id='word_1_13' title='bbox 1340 389 1404 460; x_wconf 72' lang='grc'><strong><em>171</em></strong></span> 
     </span>
    </p>
   </div>
   <div class='ocr_carea' id='block_1_2' title="bbox 77 572 1480 3879">
    <p class='ocr_par' dir='ltr' id='par_1_2' title="bbox 77 572 1480 3879">
     <span class='ocr_line' id='line_1_2' title="bbox 113 572 1415 658; baseline -0.002 -21"><span class='ocrx_word' id='word_1_14' title='bbox 113 580 189 637; x_wconf 84' lang='lat' dir='ltr'><strong><em>lianc</em></strong></span> <span class='ocrx_word' id='word_1_15' title='bbox 200 595 286 635; x_wconf 89' lang='lat' dir='ltr'><strong><em>unam</em></strong></span> <span class='ocrx_word' id='word_1_16' title='bbox 303 581 487 636; x_wconf 85' lang='lat' dir='ltr'><strong><em>calamitatem</em></strong></span> <span class='ocrx_word' id='word_1_17' title='bbox 501 580 627 646; x_wconf 75' lang='lat' dir='ltr'><strong><em>madunt,</em></strong></span> <span class='ocrx_word' id='word_1_18' title='bbox 650 594 747 635; x_wconf 80' lang='lat' dir='ltr'><strong><em>uersor</em></strong></span> <span class='ocrx_word' id='word_1_19' title='bbox 765 594 800 634; x_wconf 87' lang='lat' dir='ltr'><strong><em>rie</em></strong></span> <span class='ocrx_word' id='word_1_20' title='bbox 815 578 974 647; x_wconf 76' lang='lat' dir='ltr'><strong><em>scabrones,</em></strong></span> <span class='ocrx_word' id='word_1_21' title='bbox 997 586 1027 634; x_wconf 90' lang='lat' dir='ltr'><strong><em>nt</em></strong></span> <span class='ocrx_word' id='word_1_22' title='bbox 1042 580 1128 646; x_wconf 87' lang='lat' dir='ltr'><strong><em>aiunt,</em></strong></span> <span class='ocrx_word' id='word_1_23' title='bbox 1143 580 1269 635; x_wconf 88' lang='lat' dir='ltr'><strong><em>irritare-</em></strong></span> <span class='ocrx_word' id='word_1_24' title='bbox 1294 572 1415 658; x_wconf 55' lang='lat' dir='ltr'><strong><em>lm</em></strong></span> 
     </span>
     <span class='ocr_line' id='line_1_3' title="bbox 113 656 1415 742; baseline -0.002 -20"><span class='ocrx_word' id='word_1_25' title='bbox 113 667 183 722; x_wconf 80' lang='lat' dir='ltr'><strong><em>ritis.</em></strong></span> <span class='ocrx_word' id='word_1_26' title='bbox 221 671 336 738; x_wconf 82' lang='lat' dir='ltr'><strong><em>poterin</em></strong></span> <span class='ocrx_word' id='word_1_27' title='bbox 350 664 500 732; x_wconf 76' lang='lat' dir='ltr'><strong><em>Hannibal,</em></strong></span> <span class='ocrx_word' id='word_1_28' title='bbox 522 667 548 720; x_wconf 89' lang='lat' dir='ltr'><strong><em>si</em></strong></span> <span class='ocrx_word' id='word_1_29' title='bbox 567 667 679 721; x_wconf 87' lang='lat' dir='ltr'><strong><em>m&#39;ctoria</em></strong></span> <span class='ocrx_word' id='word_1_30' title='bbox 700 667 740 720; x_wconf 90' lang='lat' dir='ltr'><strong><em>uti</em></strong></span> <span class='ocrx_word' id='word_1_31' title='bbox 754 666 887 731; x_wconf 86' lang='lat' dir='ltr'><strong><em>voluisset,</em></strong></span> <span class='ocrx_word' id='word_1_32' title='bbox 910 666 938 718; x_wconf 92' lang='lat' dir='ltr'><strong><em>in</em></strong></span> <span class='ocrx_word' id='word_1_33' title='bbox 952 665 1084 735; x_wconf 88' lang='lat' dir='ltr'><strong><em>Capitolio</em></strong></span> <span class='ocrx_word' id='word_1_34' title='bbox 1104 664 1216 735; x_wconf 88' lang='lat' dir='ltr'><strong><em>epulari</em></strong></span> <span class='ocrx_word' id='word_1_35' title='bbox 1220 686 1229 725; x_wconf 89' lang='lat'><em>;</em></span> <span class='ocrx_word' id='word_1_36' title='bbox 1244 680 1296 735; x_wconf 87' lang='lat' dir='ltr'><strong><em>po·</em></strong></span> <span class='ocrx_word' id='word_1_37' title='bbox 1320 656 1415 742; x_wconf 45' lang='grc' dir='ltr'><strong><em>ΙΨ·</em></strong></span> 
     </span>
     <span class='ocr_line' id='line_1_4' title="bbox 114 741 1412 823; baseline -0.001 -17"><span class='ocrx_word' id='word_1_38' title='bbox 114 756 206 807; x_wconf 75' lang='lat' dir='ltr'><strong><em>teram</em></strong></span> <span class='ocrx_word' id='word_1_39' title='bbox 226 748 300 806; x_wconf 80' lang='lat' dir='ltr'><strong><em>Galli·</em></strong></span> <span class='ocrx_word' id='word_1_40' title='bbox 320 749 457 818; x_wconf 77' lang='lat' dir='ltr'><strong><em>Senones,</em></strong></span> <span class='ocrx_word' id='word_1_41' title='bbox 479 752 505 805; x_wconf 90' lang='lat' dir='ltr'><strong><em>si&#39;</em></strong></span> <span class='ocrx_word' id='word_1_42' title='bbox 521 752 641 822; x_wconf 89' lang='lat' dir='ltr'><strong><em>paulum</em></strong></span> <span class='ocrx_word' id='word_1_43' title='bbox 660 750 748 804; x_wconf 88' lang='lat' dir='ltr'><strong><em>adniti</em></strong></span> <span class='ocrx_word' id='word_1_44' title='bbox 768 751 927 815; x_wconf 84' lang='lat' dir='ltr'><strong><em>voluissent,</em></strong></span> <span class='ocrx_word' id='word_1_45' title='bbox 951 747 1112 820; x_wconf 81' lang='lat' dir='ltr'><strong><em>Capitolium</em></strong></span> <span class='ocrx_word' id='word_1_46' title='bbox 1128 764 1191 804; x_wconf 86' lang='lat' dir='ltr'><strong><em>eum</em></strong></span> <span class='ocrx_word' id='word_1_47' title='bbox 1211 747 1270 804; x_wconf 85' lang='lat' dir='ltr'><strong><em>Ro·</em></strong></span> <span class='ocrx_word' id='word_1_48' title='bbox 1319 741 1412 823; x_wconf 47' lang='lat' dir='ltr'><strong><em>§Q</em></strong></span> 
     </span>
     <span class='ocr_line' id='line_1_5' title="bbox 96 832 1415 907; baseline 0.001 -16"><span class='ocrx_word' id='word_1_49' title='bbox 96 850 196 891; x_wconf 64' lang='lat' dir='ltr'><strong><em>aiano</em></strong></span> <span class='ocrx_word' id='word_1_50' title='bbox 214 836 324 891; x_wconf 83' lang='lat' dir='ltr'><strong><em>nomine</em></strong></span> <span class='ocrx_word' id='word_1_51' title='bbox 343 837 427 901; x_wconf 84' lang='lat' dir='ltr'><strong><em>simul</em></strong></span> <span class='ocrx_word' id='word_1_52' title='bbox 447 836 617 907; x_wconf 78' lang='lat' dir='ltr'><strong><em>celinquere.</em></strong></span> <span class='ocrx_word' id='word_1_53' title='bbox 657 837 767 906; x_wconf 87' lang='lat' dir='ltr'><strong><em>utrique</em></strong></span> <span class='ocrx_word' id='word_1_54' title='bbox 793 834 930 888; x_wconf 87' lang='lat' dir='ltr'><strong><em>irritando</em></strong></span> <span class='ocrx_word' id='word_1_55' title='bbox 954 848 989 888; x_wconf 89' lang='lat' dir='ltr'><strong><em>ac</em></strong></span> <span class='ocrx_word' id='word_1_56' title='bbox 1009 834 1165 890; x_wconf 81' lang='lat' dir='ltr'><strong><em>dimittendo</em></strong></span> <span class='ocrx_word' id='word_1_57' title='bbox 1184 832 1328 890; x_wconf 84' lang='lat' dir='ltr'><strong><em>Romanos</em></strong></span> <span class='ocrx_word' id='word_1_58' title='bbox 1348 849 1415 892; x_wconf 87' lang='lat' dir='ltr'><strong><em>aiios</em></strong></span> 
     </span>
     <span class='ocr_line' id='line_1_6' title="bbox 92 918 1414 991; baseline -0.002 -12"><span class='ocrx_word' id='word_1_59' title='bbox 92 935 150 979; x_wconf 85' lang='lat' dir='ltr'><strong><em>iae</em></strong></span> <span class='ocrx_word' id='word_1_60' title='bbox 163 921 283 976; x_wconf 80' lang='lat' dir='ltr'><strong><em>annium</em></strong></span> <span class='ocrx_word' id='word_1_61' title='bbox 297 934 393 976; x_wconf 88' lang='lat' dir='ltr'><strong><em>rerum</em></strong></span> <span class='ocrx_word' id='word_1_62' title='bbox 408 922 532 976; x_wconf 89' lang='lat' dir='ltr'><strong><em>dominos</em></strong></span> <span class='ocrx_word' id='word_1_63' title='bbox 551 921 713 991; x_wconf 77' lang='lat' dir='ltr'><strong><em>effecerunt.</em></strong></span> <span class='ocrx_word' id='word_1_64' title='bbox 759 918 840 986; x_wconf 82' lang='lat' dir='ltr'><strong><em>Quod</em></strong></span> <span class='ocrx_word' id='word_1_65' title='bbox 860 920 914 974; x_wconf 88' lang='lat' dir='ltr'><strong><em>nisi</em></strong></span> <span class='ocrx_word' id='word_1_66' title='bbox 930 918 1012 973; x_wconf 89' lang='lat' dir='ltr'><strong><em>buius</em></strong></span> <span class='ocrx_word' id='word_1_67' title='bbox 1033 920 1252 974; x_wconf 72' lang='lat' dir='ltr'><strong><em>venenosissimis</em></strong></span> <span class='ocrx_word' id='word_1_68' title='bbox 1266 935 1301 973; x_wconf 88' lang='lat' dir='ltr'><strong><em>as</em></strong></span> <span class='ocrx_word' id='word_1_69' title='bbox 1315 934 1414 977; x_wconf 84' lang='lat' dir='ltr'><strong><em>resur-</em></strong></span> 
     </span>
     <span class='ocr_line' id='line_1_7' title="bbox 112 1003 1412 1078; baseline 0.002 -18"><span class='ocrx_word' id='word_1_70' title='bbox 112 1006 200 1078; x_wconf 82' lang='lat' dir='ltr'><strong><em>qsntii</em></strong></span> <span class='ocrx_word' id='word_1_71' title='bbox 215 1007 333 1076; x_wconf 69' lang='lat' dir='ltr'><strong><em>operte,</em></strong></span> <span class='ocrx_word' id='word_1_72' title='bbox 364 1006 430 1061; x_wconf 90' lang='lat' dir='ltr'><strong><em>dum</em></strong></span> <span class='ocrx_word' id='word_1_73' title='bbox 451 1005 543 1061; x_wconf 86' lang='lat' dir='ltr'><strong><em>adbuc</em></strong></span> <span class='ocrx_word' id='word_1_74' title='bbox 562 1006 669 1072; x_wconf 83' lang='lat' dir='ltr'><strong><em>titubat,</em></strong></span> <span class='ocrx_word' id='word_1_75' title='bbox 697 1007 818 1061; x_wconf 84' lang='lat' dir='ltr'><strong><em>cervices</em></strong></span> <span class='ocrx_word' id='word_1_76' title='bbox 832 1003 1042 1076; x_wconf 80' lang='lat' dir='ltr'><strong><em>perfreqeritis,</em></strong></span> <span class='ocrx_word' id='word_1_77' title='bbox 1066 1003 1194 1075; x_wconf 80' lang='lat' dir='ltr'><strong><em>praedico</em></strong></span> <span class='ocrx_word' id='word_1_78' title='bbox 1215 1004 1302 1071; x_wconf 88' lang='lat' dir='ltr'><strong><em>robis,</em></strong></span> <span class='ocrx_word' id='word_1_79' title='bbox 1325 1006 1412 1077; x_wconf 79' lang='lat' dir='ltr'><strong><em>qnod,</em></strong></span> 
     </span>
     <span class='ocr_line' id='line_1_8' title="bbox 115 1089 1412 1162; baseline 0 -17"><span class='ocrx_word' id='word_1_80' title='bbox 115 1092 140 1145; x_wconf 87' lang='lat' dir='ltr'><strong><em>si‘</em></strong></span> <span class='ocrx_word' id='word_1_81' title='bbox 163 1105 219 1145; x_wconf 86' lang='lat' dir='ltr'><strong><em>non</em></strong></span> <span class='ocrx_word' id='word_1_82' title='bbox 245 1097 301 1145; x_wconf 87' lang='lat' dir='ltr'><strong><em>tom</em></strong></span> <span class='ocrx_word' id='word_1_83' title='bbox 327 1091 393 1157; x_wconf 86' lang='lat' dir='ltr'><strong><em>cito,</em></strong></span> <span class='ocrx_word' id='word_1_84' title='bbox 421 1098 452 1146; x_wconf 87' lang='lat' dir='ltr'><strong><em>nt</em></strong></span> <span class='ocrx_word' id='word_1_85' title='bbox 472 1089 602 1162; x_wconf 74' lang='lat' dir='ltr'><strong><em>profecto</em></strong></span> <span class='ocrx_word' id='word_1_86' title='bbox 630 1091 811 1162; x_wconf 81' lang='lat' dir='ltr'><strong><em>quandoque,</em></strong></span> <span class='ocrx_word' id='word_1_87' title='bbox 843 1091 870 1144; x_wconf 91' lang='lat' dir='ltr'><strong><em>si</em></strong></span> <span class='ocrx_word' id='word_1_88' title='bbox 895 1106 950 1144; x_wconf 91' lang='lat' dir='ltr'><strong><em>non</em></strong></span> <span class='ocrx_word' id='word_1_89' title='bbox 971 1103 1032 1156; x_wconf 85' lang='lat' dir='ltr'><strong><em>ros,</em></strong></span> <span class='ocrx_word' id='word_1_90' title='bbox 1063 1094 1139 1143; x_wconf 83' lang='lat' dir='ltr'><strong><em>certe</em></strong></span> <span class='ocrx_word' id='word_1_91' title='bbox 1168 1094 1274 1144; x_wconf 76' lang='lat' dir='ltr'><strong><em>malros</em></strong></span> <span class='ocrx_word' id='word_1_92' title='bbox 1300 1103 1412 1145; x_wconf 82' lang='lat' dir='ltr'><strong><em>succes-</em></strong></span> 
     </span>
     <span class='ocr_line' id='line_1_9' title="bbox 116 1174 1479 1246; baseline 0.001 -16"><span class='ocrx_word' id='word_1_93' title='bbox 116 1188 195 1230; x_wconf 82' lang='lat' dir='ltr'><strong><em>sores</em></strong></span> <span class='ocrx_word' id='word_1_94' title='bbox 216 1189 266 1230; x_wconf 87' lang='lat' dir='ltr'><strong><em>sno</em></strong></span> <span class='ocrx_word' id='word_1_95' title='bbox 284 1188 386 1231; x_wconf 81' lang='lat' dir='ltr'><strong><em>oeiieao</em></strong></span> <span class='ocrx_word' id='word_1_96' title='bbox 405 1176 507 1246; x_wconf 77' lang='lat' dir='ltr'><strong><em>inficiet</em></strong></span> <span class='ocrx_word' id='word_1_97' title='bbox 526 1191 562 1230; x_wconf 87' lang='lat' dir='ltr'><strong><em>oc</em></strong></span> <span class='ocrx_word' id='word_1_98' title='bbox 586 1178 672 1246; x_wconf 85' lang='lat' dir='ltr'><strong><em>spiris</em></strong></span> <span class='ocrx_word' id='word_1_99' title='bbox 698 1174 903 1246; x_wconf 84' lang='lat' dir='ltr'><strong><em>circumliqabit.</em></strong></span> <span class='ocrx_word' id='word_1_100' title='bbox 949 1174 1001 1229; x_wconf 81' lang='lat' dir='ltr'><strong><em>Est</em></strong></span> <span class='ocrx_word' id='word_1_101' title='bbox 1022 1179 1165 1245; x_wconf 81' lang='lat' dir='ltr'><strong><em>praeterea</em></strong></span> <span class='ocrx_word' id='word_1_102' title='bbox 1192 1174 1246 1229; x_wconf 86' lang='lat' dir='ltr'><strong><em>illis</em></strong></span> <span class='ocrx_word' id='word_1_103' title='bbox 1270 1177 1440 1231; x_wconf 75' lang='lat' dir='ltr'><strong><em>camiliani·</em></strong></span> <span class='ocrx_word' id='word_1_104' title='bbox 1450 1181 1479 1225; x_wconf 82' lang='lat'><strong><em>¹⁰.</em></strong></span> 
     </span>
     <span class='ocr_line' id='line_1_10' title="bbox 119 1252 1414 1335; baseline 0 -20"><span class='ocrx_word' id='word_1_105' title='bbox 119 1259 193 1315; x_wconf 77' lang='lat' dir='ltr'><strong><em>noni</em></strong></span> <span class='ocrx_word' id='word_1_106' title='bbox 209 1265 237 1314; x_wconf 87' lang='lat' dir='ltr'><strong><em>et</em></strong></span> <span class='ocrx_word' id='word_1_107' title='bbox 258 1274 308 1314; x_wconf 89' lang='lat' dir='ltr'><strong><em>ars</em></strong></span> <span class='ocrx_word' id='word_1_108' title='bbox 328 1263 487 1315; x_wconf 87' lang='lat' dir='ltr'><strong><em>senatorio:</em></strong></span> <span class='ocrx_word' id='word_1_109' title='bbox 507 1260 627 1332; x_wconf 86' lang='lat' dir='ltr'><strong><em>deliqunt</em></strong></span> <span class='ocrx_word' id='word_1_110' title='bbox 644 1275 682 1315; x_wconf 83' lang='lat' dir='ltr'><strong><em>ex</em></strong></span> <span class='ocrx_word' id='word_1_111' title='bbox 705 1260 887 1314; x_wconf 75' lang='lat' dir='ltr'><em>callidissimis</em></span> <span class='ocrx_word' id='word_1_112' title='bbox 908 1266 935 1314; x_wconf 87' lang='lat' dir='ltr'><strong><em>et</em></strong></span> <span class='ocrx_word' id='word_1_113' title='bbox 957 1259 1151 1316; x_wconf 78' lang='lat' dir='ltr'><strong><em>versutissimis</em></strong></span> <span class='ocrx_word' id='word_1_114' title='bbox 1172 1266 1280 1315; x_wconf 81' lang='lat' dir='ltr'><strong><em>senato</em></strong></span> <span class='ocrx_word' id='word_1_115' title='bbox 1306 1252 1414 1335; x_wconf 56' lang='lat' dir='ltr'><strong><em>tw</em></strong></span> 
     </span>
     <span class='ocr_line' id='line_1_11' title="bbox 88 1343 1415 1417; baseline 0.001 -17"><span class='ocrx_word' id='word_1_116' title='bbox 88 1343 195 1401; x_wconf 82' lang='lat' dir='ltr'><strong><em>teribus</em></strong></span> <span class='ocrx_word' id='word_1_117' title='bbox 208 1349 344 1413; x_wconf 81' lang='lat' dir='ltr'><strong><em>oratores,</em></strong></span> <span class='ocrx_word' id='word_1_118' title='bbox 365 1360 435 1416; x_wconf 88' lang='lat' dir='ltr'><strong><em>quos</em></strong></span> <span class='ocrx_word' id='word_1_119' title='bbox 456 1361 517 1401; x_wconf 87' lang='lat' dir='ltr'><strong><em>cum</em></strong></span> <span class='ocrx_word' id='word_1_120' title='bbox 540 1345 650 1412; x_wconf 88' lang='lat' dir='ltr'><strong><em>retibus,</em></strong></span> <span class='ocrx_word' id='word_1_121' title='bbox 670 1345 761 1399; x_wconf 86' lang='lat' dir='ltr'><strong><em>barnis</em></strong></span> <span class='ocrx_word' id='word_1_122' title='bbox 781 1353 806 1400; x_wconf 88' lang='lat' dir='ltr'><strong><em>et</em></strong></span> <span class='ocrx_word' id='word_1_123' title='bbox 826 1347 898 1400; x_wconf 86' lang='lat' dir='ltr'><strong><em>visco</em></strong></span> <span class='ocrx_word' id='word_1_124' title='bbox 917 1358 1037 1414; x_wconf 84' lang='lat' dir='ltr'><strong><em>pereqre</em></strong></span> <span class='ocrx_word' id='word_1_125' title='bbox 1058 1345 1171 1410; x_wconf 79' lang='lat' dir='ltr'><strong><em>miuunt,</em></strong></span> <span class='ocrx_word' id='word_1_126' title='bbox 1193 1359 1247 1399; x_wconf 90' lang='lat' dir='ltr'><strong><em>non</em></strong></span> <span class='ocrx_word' id='word_1_127' title='bbox 1269 1344 1310 1399; x_wconf 91' lang='lat' dir='ltr'><strong><em>ad</em></strong></span> <span class='ocrx_word' id='word_1_128' title='bbox 1320 1347 1415 1417; x_wconf 79' lang='lat' dir='ltr'><strong><em>pisces</em></strong></span> 
     </span>
     <span class='ocr_line' id='line_1_12' title="bbox 117 1428 1413 1502; baseline 0 -17"><span class='ocrx_word' id='word_1_129' title='bbox 117 1435 165 1485; x_wconf 84' lang='lat' dir='ltr'><strong><em>siit</em></strong></span> <span class='ocrx_word' id='word_1_130' title='bbox 185 1443 251 1484; x_wconf 84' lang='lat' dir='ltr'><strong><em>anes</em></strong></span> <span class='ocrx_word' id='word_1_131' title='bbox 269 1429 435 1486; x_wconf 75' lang='lat' dir='ltr'><strong><em>irretiendos</em></strong></span> <span class='ocrx_word' id='word_1_132' title='bbox 457 1436 506 1485; x_wconf 89' lang='lat' dir='ltr'><strong><em>ont</em></strong></span> <span class='ocrx_word' id='word_1_133' title='bbox 524 1430 705 1497; x_wconf 87' lang='lat' dir='ltr'><strong><em>inescandas,</em></strong></span> <span class='ocrx_word' id='word_1_134' title='bbox 727 1430 778 1484; x_wconf 91' lang='lat' dir='ltr'><strong><em>sed</em></strong></span> <span class='ocrx_word' id='word_1_135' title='bbox 796 1430 835 1483; x_wconf 89' lang='lat' dir='ltr'><strong><em>od</em></strong></span> <span class='ocrx_word' id='word_1_136' title='bbox 852 1429 991 1501; x_wconf 80' lang='lat' dir='ltr'><strong><em>fallendos</em></strong></span> <span class='ocrx_word' id='word_1_137' title='bbox 1012 1435 1094 1500; x_wconf 71' lang='lat' dir='ltr'><strong><em>aque</em></strong></span> <span class='ocrx_word' id='word_1_138' title='bbox 1115 1428 1290 1499; x_wconf 74' lang='lat' dir='ltr'><strong><em>drepanam</em></strong></span> <span class='ocrx_word' id='word_1_139' title='bbox 1305 1431 1413 1502; x_wconf 88' lang='lat' dir='ltr'><strong><em>prinei·</em></strong></span> 
     </span>
     <span class='ocr_line' id='line_1_13' title="bbox 114 1508 1413 1592; baseline -0.002 -23"><span class='ocrx_word' id='word_1_140' title='bbox 114 1529 184 1585; x_wconf 77' lang='lat' dir='ltr'><strong><em>pum</em></strong></span> <span class='ocrx_word' id='word_1_141' title='bbox 202 1514 317 1570; x_wconf 69' lang='lat' dir='ltr'><strong><em>munies.</em></strong></span> <span class='ocrx_word' id='word_1_142' title='bbox 361 1513 483 1571; x_wconf 85' lang='lat' dir='ltr'><strong><em>Sanctus</em></strong></span> <span class='ocrx_word' id='word_1_143' title='bbox 505 1517 655 1582; x_wconf 90' lang='lat' dir='ltr'><strong><em>Antonius,</em></strong></span> <span class='ocrx_word' id='word_1_144' title='bbox 675 1523 739 1581; x_wconf 88' lang='lat' dir='ltr'><strong><em>aut,</em></strong></span> <span class='ocrx_word' id='word_1_145' title='bbox 768 1523 797 1570; x_wconf 89' lang='lat' dir='ltr'><strong><em>ut</em></strong></span> <span class='ocrx_word' id='word_1_146' title='bbox 818 1516 867 1569; x_wconf 87' lang='lat' dir='ltr'><strong><em>alii</em></strong></span> <span class='ocrx_word' id='word_1_147' title='bbox 885 1515 990 1579; x_wconf 82' lang='lat' dir='ltr'><strong><em>volunt,</em></strong></span> <span class='ocrx_word' id='word_1_148' title='bbox 1020 1511 1128 1568; x_wconf 87' lang='lat' dir='ltr'><strong><em>Paulus</em></strong></span> <span class='ocrx_word' id='word_1_149' title='bbox 1146 1515 1256 1585; x_wconf 85' lang='lat' dir='ltr'><strong><em>primus</em></strong></span> <span class='ocrx_word' id='word_1_150' title='bbox 1286 1508 1413 1592; x_wconf 67' lang='lat' dir='ltr'><strong><em>(sim</em></strong></span> 
     </span>
     <span class='ocr_line' id='line_1_14' title="bbox 115 1598 1414 1673; baseline 0.001 -18"><span class='ocrx_word' id='word_1_151' title='bbox 115 1598 250 1655; x_wconf 67' lang='lat' dir='ltr'><strong><em>tamisa</em></strong></span> <span class='ocrx_word' id='word_1_152' title='bbox 270 1600 298 1653; x_wconf 87' lang='lat' dir='ltr'><strong><em>in</em></strong></span> <span class='ocrx_word' id='word_1_153' title='bbox 318 1601 417 1670; x_wconf 88' lang='lat' dir='ltr'><strong><em>spiritu</em></strong></span> <span class='ocrx_word' id='word_1_154' title='bbox 438 1608 536 1671; x_wconf 86' lang='lat' dir='ltr'><strong><em>raptus</em></strong></span> <span class='ocrx_word' id='word_1_155' title='bbox 556 1601 621 1656; x_wconf 86' lang='lat' dir='ltr'><strong><em>uidit</em></strong></span> <span class='ocrx_word' id='word_1_156' title='bbox 640 1601 767 1673; x_wconf 86' lang='lat' dir='ltr'><strong><em>loqueos,</em></strong></span> <span class='ocrx_word' id='word_1_157' title='bbox 795 1615 863 1672; x_wconf 84' lang='lat' dir='ltr'><strong><em>qnos</em></strong></span> <span class='ocrx_word' id='word_1_158' title='bbox 884 1600 950 1654; x_wconf 87' lang='lat' dir='ltr'><strong><em>mali</em></strong></span> <span class='ocrx_word' id='word_1_159' title='bbox 968 1598 1107 1653; x_wconf 86' lang='lat' dir='ltr'><strong><em>doemones</em></strong></span> <span class='ocrx_word' id='word_1_160' title='bbox 1127 1600 1235 1653; x_wconf 79' lang='lat' dir='ltr'><strong><em>miseris</em></strong></span> <span class='ocrx_word' id='word_1_161' title='bbox 1255 1600 1414 1656; x_wconf 83' lang='lat' dir='ltr'><strong><em>mortalibus</em></strong></span> 
     </span>
     <span class='ocr_line' id='line_1_15' title="bbox 116 1682 1412 1756; baseline 0.002 -18"><span class='ocrx_word' id='word_1_162' title='bbox 116 1682 287 1739; x_wconf 80' lang='lat' dir='ltr'><strong><em>tetenderant</em></strong></span> <span class='ocrx_word' id='word_1_163' title='bbox 293 1725 300 1750; x_wconf 96' lang='lat'><strong><em>,</em></strong></span> <span class='ocrx_word' id='word_1_164' title='bbox 323 1690 347 1739; x_wconf 84' lang='lat' dir='ltr'><strong><em>et</em></strong></span> <span class='ocrx_word' id='word_1_165' title='bbox 368 1685 524 1741; x_wconf 78' lang='lat' dir='ltr'><strong><em>admiratus</em></strong></span> <span class='ocrx_word' id='word_1_166' title='bbox 543 1685 714 1741; x_wconf 78' lang='lat' dir='ltr'><strong><em>subtilitatem</em></strong></span> <span class='ocrx_word' id='word_1_167' title='bbox 735 1692 761 1741; x_wconf 96' lang='lat' dir='ltr'><strong><em>et</em></strong></span> <span class='ocrx_word' id='word_1_168' title='bbox 777 1685 1031 1756; x_wconf 80' lang='lat' dir='ltr'><strong><em>artificiosissimam</em></strong></span> <span class='ocrx_word' id='word_1_169' title='bbox 1052 1683 1254 1755; x_wconf 70' lang='lat' dir='ltr'><strong><em>dispositionem</em></strong></span> <span class='ocrx_word' id='word_1_170' title='bbox 1274 1690 1302 1739; x_wconf 88' lang='lat' dir='ltr'><strong><em>et</em></strong></span> <span class='ocrx_word' id='word_1_171' title='bbox 1316 1698 1412 1741; x_wconf 86' lang='lat' dir='ltr'><strong><em>nnme-</em></strong></span> 
     </span>
     <span class='ocr_line' id='line_1_16' title="bbox 86 1768 1414 1843; baseline 0 -18"><span class='ocrx_word' id='word_1_172' title='bbox 86 1784 179 1825; x_wconf 83' lang='lat' dir='ltr'><strong><em>tsriiin</em></strong></span> <span class='ocrx_word' id='word_1_173' title='bbox 195 1768 366 1840; x_wconf 85' lang='lat' dir='ltr'><strong><em>laqueorum,</em></strong></span> <span class='ocrx_word' id='word_1_174' title='bbox 386 1770 413 1824; x_wconf 88' lang='lat' dir='ltr'><strong><em>si</em></strong></span> <span class='ocrx_word' id='word_1_175' title='bbox 425 1771 572 1826; x_wconf 84' lang='lat' dir='ltr'><strong><em>numerari</em></strong></span> <span class='ocrx_word' id='word_1_176' title='bbox 586 1773 746 1841; x_wconf 88' lang='lat' dir='ltr'><strong><em>potuissent,</em></strong></span> <span class='ocrx_word' id='word_1_177' title='bbox 769 1770 937 1825; x_wconf 74' lang='lat' dir='ltr'><strong><em>exclamarit</em></strong></span> <span class='ocrx_word' id='word_1_178' title='bbox 957 1768 1011 1823; x_wconf 88' lang='lat' dir='ltr'><strong><em>‘Ab</em></strong></span> <span class='ocrx_word' id='word_1_179' title='bbox 1025 1769 1231 1825; x_wconf 78' lang='lat' dir='ltr'><strong><em>clementissime</em></strong></span> <span class='ocrx_word' id='word_1_180' title='bbox 1247 1769 1331 1825; x_wconf 87' lang='lat' dir='ltr'><strong><em>deus!</em></strong></span> <span class='ocrx_word' id='word_1_181' title='bbox 1350 1771 1414 1843; x_wconf 81' lang='lat' dir='ltr'><strong><em>qais</em></strong></span> 
     </span>
     <span class='ocr_line' id='line_1_17' title="bbox 114 1852 1480 1927; baseline -0.001 -20"><span class='ocrx_word' id='word_1_182' title='bbox 114 1868 237 1924; x_wconf 82' lang='lat' dir='ltr'><strong><em>nmquam</em></strong></span> <span class='ocrx_word' id='word_1_183' title='bbox 258 1852 309 1908; x_wconf 85' lang='lat' dir='ltr'><strong><em>lios</em></strong></span> <span class='ocrx_word' id='word_1_184' title='bbox 327 1856 431 1913; x_wconf 85' lang='lat' dir='ltr'><strong><em>euitare</em></strong></span> <span class='ocrx_word' id='word_1_185' title='bbox 444 1852 571 1927; x_wconf 76' lang='lat' dir='ltr'><strong><em>poteritl’</em></strong></span> <span class='ocrx_word' id='word_1_186' title='bbox 603 1856 652 1910; x_wconf 85' lang='lat' dir='ltr'><strong><em>Tot</em></strong></span> <span class='ocrx_word' id='word_1_187' title='bbox 673 1861 698 1910; x_wconf 91' lang='lat' dir='ltr'><strong><em>et</em></strong></span> <span class='ocrx_word' id='word_1_188' title='bbox 719 1857 787 1910; x_wconf 87' lang='lat' dir='ltr'><strong><em>tales</em></strong></span> <span class='ocrx_word' id='word_1_189' title='bbox 807 1861 873 1910; x_wconf 93' lang='lat' dir='ltr'><strong><em>sunt</em></strong></span> <span class='ocrx_word' id='word_1_190' title='bbox 894 1854 987 1924; x_wconf 86' lang='lat' dir='ltr'><strong><em>laquei</em></strong></span> <span class='ocrx_word' id='word_1_191' title='bbox 1014 1852 1191 1920; x_wconf 84' lang='lat' dir='ltr'><strong><em>Venetorum,</em></strong></span> <span class='ocrx_word' id='word_1_192' title='bbox 1213 1869 1283 1926; x_wconf 85' lang='lat' dir='ltr'><strong><em>quos</em></strong></span> <span class='ocrx_word' id='word_1_193' title='bbox 1301 1854 1480 1911; x_wconf 73' lang='lat' dir='ltr'><strong><em>usuratu.</em></strong></span> 
     </span>
     <span class='ocr_line' id='line_1_18' title="bbox 112 1937 1412 2011; baseline 0.002 -19"><span class='ocrx_word' id='word_1_194' title='bbox 112 1937 285 2009; x_wconf 83' lang='lat' dir='ltr'><strong><em>prinsipibus</em></strong></span> <span class='ocrx_word' id='word_1_195' title='bbox 301 1947 550 2010; x_wconf 81' lang='lat' dir='ltr'><strong><em>praeparaverunt.</em></strong></span> <span class='ocrx_word' id='word_1_196' title='bbox 592 1942 804 2006; x_wconf 79' lang='lat' dir='ltr'><strong><em>Auctoritatem,</em></strong></span> <span class='ocrx_word' id='word_1_197' title='bbox 822 1941 984 2011; x_wconf 84' lang='lat' dir='ltr'><strong><em>pecuniam,</em></strong></span> <span class='ocrx_word' id='word_1_198' title='bbox 1006 1938 1089 1994; x_wconf 87' lang='lat' dir='ltr'><strong><em>urbes</em></strong></span> <span class='ocrx_word' id='word_1_199' title='bbox 1110 1952 1146 1993; x_wconf 86' lang='lat' dir='ltr'><strong><em>ae</em></strong></span> <span class='ocrx_word' id='word_1_200' title='bbox 1157 1940 1320 2010; x_wconf 73' lang='lat' dir='ltr'><strong><em>provincias</em></strong></span> <span class='ocrx_word' id='word_1_201' title='bbox 1341 1940 1412 1996; x_wconf 87' lang='lat' dir='ltr'><strong><em>miil-</em></strong></span> 
     </span>
     <span class='ocr_line' id='line_1_19' title="bbox 114 2021 1415 2098; baseline 0.005 -21"><span class='ocrx_word' id='word_1_202' title='bbox 114 2028 158 2077; x_wconf 86' lang='lat' dir='ltr'><strong><em>las</em></strong></span> <span class='ocrx_word' id='word_1_203' title='bbox 192 2021 287 2079; x_wconf 81' lang='lat' dir='ltr'><strong><em>Veneti</em></strong></span> <span class='ocrx_word' id='word_1_204' title='bbox 309 2024 507 2094; x_wconf 82' lang='lat' dir='ltr'><strong><em>perdiderunt:</em></strong></span> <span class='ocrx_word' id='word_1_205' title='bbox 529 2025 703 2096; x_wconf 76' lang='lat' dir='ltr'><strong><em>superbiam,</em></strong></span> <span class='ocrx_word' id='word_1_206' title='bbox 737 2025 829 2093; x_wconf 87' lang='lat' dir='ltr'><strong><em>dolos,</em></strong></span> <span class='ocrx_word' id='word_1_207' title='bbox 861 2023 1037 2095; x_wconf 77' lang='lat' dir='ltr'><strong><em>vaframento</em></strong></span> <span class='ocrx_word' id='word_1_208' title='bbox 1064 2039 1120 2079; x_wconf 85' lang='lat' dir='ltr'><strong><em>non</em></strong></span> <span class='ocrx_word' id='word_1_209' title='bbox 1147 2025 1306 2080; x_wconf 80' lang='lat' dir='ltr'><strong><em>amiserunt.</em></strong></span> <span class='ocrx_word' id='word_1_210' title='bbox 1350 2024 1415 2098; x_wconf 79' lang='lat' dir='ltr'><strong><em>ipsi·</em></strong></span> 
     </span>
     <span class='ocr_line' id='line_1_20' title="bbox 112 2106 1411 2182; baseline 0.001 -17"><span class='ocrx_word' id='word_1_211' title='bbox 112 2106 236 2165; x_wconf 71' lang='lat' dir='ltr'><strong><em>boantes</em></strong></span> <span class='ocrx_word' id='word_1_212' title='bbox 256 2108 439 2165; x_wconf 85' lang='lat' dir='ltr'><strong><em>erudelissimi</em></strong></span> <span class='ocrx_word' id='word_1_213' title='bbox 457 2109 580 2166; x_wconf 89' lang='lat' dir='ltr'><strong><em>omnibus</em></strong></span> <span class='ocrx_word' id='word_1_214' title='bbox 601 2110 794 2182; x_wconf 76' lang='lat' dir='ltr'><strong><em>cupiditatibus</em></strong></span> <span class='ocrx_word' id='word_1_215' title='bbox 813 2111 962 2165; x_wconf 82' lang='lat' dir='ltr'><strong><em>servientes</em></strong></span> <span class='ocrx_word' id='word_1_216' title='bbox 980 2117 1140 2180; x_wconf 85' lang='lat' dir='ltr'><strong><em>proponent</em></strong></span> <span class='ocrx_word' id='word_1_217' title='bbox 1162 2107 1236 2165; x_wconf 86' lang='lat' dir='ltr'><strong><em>robis</em></strong></span> <span class='ocrx_word' id='word_1_218' title='bbox 1264 2115 1328 2166; x_wconf 75' lang='lat' dir='ltr'><strong><em>anm</em></strong></span> <span class='ocrx_word' id='word_1_219' title='bbox 1346 2124 1411 2166; x_wconf 82' lang='lat' dir='ltr'><strong><em>oen·</em></strong></span> 
     </span>
     <span class='ocr_line' id='line_1_21' title="bbox 81 2192 1410 2267; baseline 0.001 -17"><span class='ocrx_word' id='word_1_220' title='bbox 81 2192 157 2250; x_wconf 84' lang='lat' dir='ltr'><strong><em>noles</em></strong></span> <span class='ocrx_word' id='word_1_221' title='bbox 174 2194 407 2249; x_wconf 79' lang='lat' dir='ltr'><strong><em>commatationem</em></strong></span> <span class='ocrx_word' id='word_1_222' title='bbox 425 2193 563 2267; x_wconf 76' lang='lat' dir='ltr'><strong><em>fortunis,</em></strong></span> <span class='ocrx_word' id='word_1_223' title='bbox 584 2197 783 2251; x_wconf 84' lang='lat' dir='ltr'><strong><em>instabilitatem</em></strong></span> <span class='ocrx_word' id='word_1_224' title='bbox 802 2210 896 2250; x_wconf 88' lang='lat' dir='ltr'><strong><em>rernm</em></strong></span> <span class='ocrx_word' id='word_1_225' title='bbox 916 2194 1119 2261; x_wconf 84' lang='lat' dir='ltr'><strong><em>bumanorum,</em></strong></span> <span class='ocrx_word' id='word_1_226' title='bbox 1136 2201 1162 2248; x_wconf 85' lang='lat' dir='ltr'><strong><em>et</em></strong></span> <span class='ocrx_word' id='word_1_227' title='bbox 1181 2194 1333 2250; x_wconf 89' lang='lat' dir='ltr'><strong><em>rationibus</em></strong></span> <span class='ocrx_word' id='word_1_228' title='bbox 1344 2194 1410 2267; x_wconf 90' lang='lat' dir='ltr'><strong><em>plii·</em></strong></span> 
     </span>
     <span class='ocr_line' id='line_1_22' title="bbox 113 2276 1411 2350; baseline 0.004 -18"><span class='ocrx_word' id='word_1_229' title='bbox 113 2276 260 2350; x_wconf 82' lang='lat' dir='ltr'><strong><em>loropbisis</em></strong></span> <span class='ocrx_word' id='word_1_230' title='bbox 280 2282 307 2332; x_wconf 87' lang='lat' dir='ltr'><strong><em>et</em></strong></span> <span class='ocrx_word' id='word_1_231' title='bbox 327 2276 479 2350; x_wconf 75' lang='lat' dir='ltr'><strong><em>Scipionis,</em></strong></span> <span class='ocrx_word' id='word_1_232' title='bbox 499 2281 670 2347; x_wconf 71' lang='lat' dir='ltr'><strong><em>Alexandri,</em></strong></span> <span class='ocrx_word' id='word_1_233' title='bbox 693 2280 814 2337; x_wconf 78' lang='lat' dir='ltr'><strong><em>Caesaris</em></strong></span> <span class='ocrx_word' id='word_1_234' title='bbox 836 2295 871 2334; x_wconf 88' lang='lat' dir='ltr'><strong><em>ac</em></strong></span> <span class='ocrx_word' id='word_1_235' title='bbox 886 2279 1003 2334; x_wconf 86' lang='lat' dir='ltr'><strong><em>aliorum</em></strong></span> <span class='ocrx_word' id='word_1_236' title='bbox 1026 2279 1350 2350; x_wconf 75' lang='lat' dir='ltr'><strong><em>exempliseoaabuntur</em></strong></span> <span class='ocrx_word' id='word_1_237' title='bbox 1364 2297 1411 2337; x_wconf 85' lang='lat' dir='ltr'><strong><em>eo·</em></strong></span> 
     </span>
     <span class='ocr_line' id='line_1_23' title="bbox 112 2361 1412 2435; baseline 0.004 -18"><span class='ocrx_word' id='word_1_238' title='bbox 112 2361 154 2416; x_wconf 85' lang='lat' dir='ltr'><strong><em>bis</em></strong></span> <span class='ocrx_word' id='word_1_239' title='bbox 183 2363 353 2418; x_wconf 84' lang='lat' dir='ltr'><strong><em>elensenliam</em></strong></span> <span class='ocrx_word' id='word_1_240' title='bbox 377 2365 565 2435; x_wconf 76' lang='lat' dir='ltr'><strong><em>perstridere,</em></strong></span> <span class='ocrx_word' id='word_1_241' title='bbox 595 2367 716 2421; x_wconf 84' lang='lat' dir='ltr'><strong><em>animum</em></strong></span> <span class='ocrx_word' id='word_1_242' title='bbox 744 2368 867 2432; x_wconf 81' lang='lat' dir='ltr'><strong><em>vincere,</em></strong></span> <span class='ocrx_word' id='word_1_243' title='bbox 893 2364 1068 2421; x_wconf 82' lang='lat' dir='ltr'><strong><em>iracundiam</em></strong></span> <span class='ocrx_word' id='word_1_244' title='bbox 1095 2366 1122 2418; x_wconf 90' lang='lat' dir='ltr'><strong><em>in</em></strong></span> <span class='ocrx_word' id='word_1_245' title='bbox 1148 2366 1263 2421; x_wconf 82' lang='lat' dir='ltr'><strong><em>uictoria</em></strong></span> <span class='ocrx_word' id='word_1_246' title='bbox 1290 2368 1412 2422; x_wconf 77' lang='lat' dir='ltr'><strong><em>manime</em></strong></span> 
     </span>
     <span class='ocr_line' id='line_1_24' title="bbox 113 2444 1413 2521; baseline 0.004 -20"><span class='ocrx_word' id='word_1_247' title='bbox 113 2444 257 2509; x_wconf 69' lang='lat' dir='ltr'><strong><em>caltiberei</em></strong></span> <span class='ocrx_word' id='word_1_248' title='bbox 283 2453 349 2504; x_wconf 85' lang='lat' dir='ltr'><strong><em>tune</em></strong></span> <span class='ocrx_word' id='word_1_249' title='bbox 367 2449 448 2504; x_wconf 82' lang='lat' dir='ltr'><strong><em>iteum</em></strong></span> <span class='ocrx_word' id='word_1_250' title='bbox 478 2466 514 2505; x_wconf 88' lang='lat' dir='ltr'><strong><em>ac</em></strong></span> <span class='ocrx_word' id='word_1_251' title='bbox 541 2452 759 2507; x_wconf 89' lang='lat' dir='ltr'><strong><em>misericordiam</em></strong></span> <span class='ocrx_word' id='word_1_252' title='bbox 788 2452 847 2506; x_wconf 89' lang='lat' dir='ltr'><strong><em>eins</em></strong></span> <span class='ocrx_word' id='word_1_253' title='bbox 873 2450 1021 2512; x_wconf 85' lang='lat' dir='ltr'><strong><em>obtestari,·</em></strong></span> <span class='ocrx_word' id='word_1_254' title='bbox 1046 2448 1150 2505; x_wconf 84' lang='lat' dir='ltr'><strong><em>addent</em></strong></span> <span class='ocrx_word' id='word_1_255' title='bbox 1167 2463 1282 2521; x_wconf 86' lang='lat' dir='ltr'><strong><em>preses,</em></strong></span> <span class='ocrx_word' id='word_1_256' title='bbox 1308 2450 1413 2506; x_wconf 81' lang='lat' dir='ltr'><strong><em>addent</em></strong></span> 
     </span>
     <span class='ocr_line' id='line_1_25' title="bbox 108 2528 1413 2614; baseline 0.001 -28"><span class='ocrx_word' id='word_1_257' title='bbox 108 2533 272 2603; x_wconf 85' lang='lat' dir='ltr'><strong><em>pecuniam:</em></strong></span> <span class='ocrx_word' id='word_1_258' title='bbox 292 2548 339 2588; x_wconf 90' lang='lat' dir='ltr'><strong><em>ros</em></strong></span> <span class='ocrx_word' id='word_1_259' title='bbox 353 2536 538 2603; x_wconf 88' lang='lat' dir='ltr'><strong><em>memineritis,</em></strong></span> <span class='ocrx_word' id='word_1_260' title='bbox 561 2538 633 2591; x_wconf 88' lang='lat' dir='ltr'><strong><em>sicut</em></strong></span> <span class='ocrx_word' id='word_1_261' title='bbox 653 2536 757 2608; x_wconf 76' lang='lat' dir='ltr'><strong><em>[liques</em></strong></span> <span class='ocrx_word' id='word_1_262' title='bbox 769 2536 838 2608; x_wconf 80' lang='lat' dir='ltr'><strong><em>feeit</em></strong></span> <span class='ocrx_word' id='word_1_263' title='bbox 853 2537 918 2590; x_wconf 91' lang='lat' dir='ltr'><strong><em>istos</em></strong></span> <span class='ocrx_word' id='word_1_264' title='bbox 934 2534 1063 2590; x_wconf 88' lang='lat' dir='ltr'><strong><em>Sirenum</em></strong></span> <span class='ocrx_word' id='word_1_265' title='bbox 1084 2540 1193 2601; x_wconf 87' lang='lat' dir='ltr'><strong><em>cantus,</em></strong></span> <span class='ocrx_word' id='word_1_266' title='bbox 1215 2535 1284 2590; x_wconf 85' lang='lat' dir='ltr'><strong><em>istas</em></strong></span> <span class='ocrx_word' id='word_1_267' title='bbox 1308 2528 1413 2614; x_wconf 64' lang='lat' dir='ltr'><strong><em>lm..</em></strong></span> 
     </span>
     <span class='ocr_line' id='line_1_26' title="bbox 79 2617 1414 2693; baseline 0.002 -19"><span class='ocrx_word' id='word_1_268' title='bbox 79 2617 288 2674; x_wconf 76' lang='lat' dir='ltr'><strong><em>ammineum</em></strong></span> <span class='ocrx_word' id='word_1_269' title='bbox 305 2617 431 2674; x_wconf 73' lang='lat' dir='ltr'><strong><em>minares</em></strong></span> <span class='ocrx_word' id='word_1_270' title='bbox 449 2621 545 2676; x_wconf 85' lang='lat' dir='ltr'><strong><em>surdis</em></strong></span> <span class='ocrx_word' id='word_1_271' title='bbox 565 2637 600 2676; x_wconf 87' lang='lat' dir='ltr'><strong><em>ae</em></strong></span> <span class='ocrx_word' id='word_1_272' title='bbox 618 2621 752 2677; x_wconf 87' lang='lat' dir='ltr'><strong><em>obturatis</em></strong></span> <span class='ocrx_word' id='word_1_273' title='bbox 772 2619 888 2675; x_wconf 88' lang='lat' dir='ltr'><strong><em>auribus</em></strong></span> <span class='ocrx_word' id='word_1_274' title='bbox 906 2621 1073 2691; x_wconf 85' lang='lat' dir='ltr'><strong><em>praeterire,</em></strong></span> <span class='ocrx_word' id='word_1_275' title='bbox 1102 2626 1129 2675; x_wconf 86' lang='lat' dir='ltr'><strong><em>et</em></strong></span> <span class='ocrx_word' id='word_1_276' title='bbox 1150 2621 1191 2675; x_wconf 83' lang='lat' dir='ltr'><strong><em>nti</em></strong></span> <span class='ocrx_word' id='word_1_277' title='bbox 1216 2622 1346 2693; x_wconf 78' lang='lat' dir='ltr'><strong><em>exemplo</em></strong></span> <span class='ocrx_word' id='word_1_278' title='bbox 1368 2621 1414 2677; x_wconf 87' lang='lat' dir='ltr'><strong><em>dei</em></strong></span> 
     </span>
     <span class='ocr_line' id='line_1_27' title="bbox 111 2702 1411 2779; baseline 0.005 -23"><span class='ocrx_word' id='word_1_279' title='bbox 111 2707 211 2757; x_wconf 87' lang='lat' dir='ltr'><strong><em>contra</em></strong></span> <span class='ocrx_word' id='word_1_280' title='bbox 229 2702 393 2759; x_wconf 75' lang='lat' dir='ltr'><strong><em>Antiochum</em></strong></span> <span class='ocrx_word' id='word_1_281' title='bbox 413 2704 448 2760; x_wconf 93' lang='lat' dir='ltr'><strong><em>de</em></strong></span> <span class='ocrx_word' id='word_1_282' title='bbox 467 2722 521 2778; x_wconf 88' lang='lat' dir='ltr'><strong><em>quo</em></strong></span> <span class='ocrx_word' id='word_1_283' title='bbox 541 2708 638 2779; x_wconf 86' lang='lat' dir='ltr'><strong><em>leqitur</em></strong></span> <span class='ocrx_word' id='word_1_284' title='bbox 660 2707 768 2762; x_wconf 90' lang='lat' dir='ltr'><strong><em>‘orabat</em></strong></span> <span class='ocrx_word' id='word_1_285' title='bbox 787 2705 918 2762; x_wconf 88' lang='lat' dir='ltr'><strong><em>scelestus</em></strong></span> <span class='ocrx_word' id='word_1_286' title='bbox 938 2705 1033 2772; x_wconf 85' lang='lat' dir='ltr'><strong><em>deum,</em></strong></span> <span class='ocrx_word' id='word_1_287' title='bbox 1056 2721 1073 2759; x_wconf 87' lang='lat' dir='ltr'><strong><em>a</em></strong></span> <span class='ocrx_word' id='word_1_288' title='bbox 1095 2722 1148 2777; x_wconf 86' lang='lat' dir='ltr'><strong><em>qno</em></strong></span> <span class='ocrx_word' id='word_1_289' title='bbox 1161 2721 1218 2761; x_wconf 90' lang='lat' dir='ltr'><strong><em>non</em></strong></span> <span class='ocrx_word' id='word_1_290' title='bbox 1239 2713 1311 2762; x_wconf 85' lang='lat' dir='ltr'><strong><em>esset</em></strong></span> <span class='ocrx_word' id='word_1_291' title='bbox 1329 2709 1411 2763; x_wconf 66' lang='lat' dir='ltr'><strong><em>inbe-</em></strong></span> 
     </span>
     <span class='ocr_line' id='line_1_28' title="bbox 111 2787 1409 2864; baseline 0.004 -22"><span class='ocrx_word' id='word_1_292' title='bbox 111 2787 263 2843; x_wconf 87' lang='lat' dir='ltr'><strong><em>risordiom</em></strong></span> <span class='ocrx_word' id='word_1_293' title='bbox 284 2789 501 2857; x_wconf 88' lang='lat' dir='ltr'><strong><em>consecuturus’,</em></strong></span> <span class='ocrx_word' id='word_1_294' title='bbox 530 2794 595 2864; x_wconf 89' lang='lat' dir='ltr'><strong><em>quio</em></strong></span> <span class='ocrx_word' id='word_1_295' title='bbox 616 2798 682 2846; x_wconf 89' lang='lat' dir='ltr'><strong><em>sunt</em></strong></span> <span class='ocrx_word' id='word_1_296' title='bbox 702 2793 748 2847; x_wconf 89' lang='lat' dir='ltr'><strong><em>illa</em></strong></span> <span class='ocrx_word' id='word_1_297' title='bbox 771 2793 862 2847; x_wconf 81' lang='lat' dir='ltr'><strong><em>dulcia</em></strong></span> <span class='ocrx_word' id='word_1_298' title='bbox 883 2790 977 2847; x_wconf 85' lang='lat' dir='ltr'><strong><em>Circes</em></strong></span> <span class='ocrx_word' id='word_1_299' title='bbox 993 2790 1113 2861; x_wconf 64' lang='lat' dir='ltr'><strong><em>poculm</em></strong></span> <span class='ocrx_word' id='word_1_300' title='bbox 1140 2791 1188 2846; x_wconf 87' lang='lat' dir='ltr'><strong><em>illa</em></strong></span> <span class='ocrx_word' id='word_1_301' title='bbox 1206 2804 1272 2847; x_wconf 87' lang='lat' dir='ltr'><strong><em>esca</em></strong></span> <span class='ocrx_word' id='word_1_302' title='bbox 1290 2793 1409 2848; x_wconf 74' lang='lat' dir='ltr'><strong><em>omnmo·</em></strong></span> 
     </span>
     <span class='ocr_line' id='line_1_29' title="bbox 111 2872 1410 2949; baseline 0.005 -23"><span class='ocrx_word' id='word_1_303' title='bbox 111 2872 265 2941; x_wconf 88' lang='lat' dir='ltr'><strong><em>malorum,</em></strong></span> <span class='ocrx_word' id='word_1_304' title='bbox 295 2890 350 2945; x_wconf 87' lang='lat' dir='ltr'><strong><em>qun</em></strong></span> <span class='ocrx_word' id='word_1_305' title='bbox 369 2874 502 2946; x_wconf 74' lang='lat' dir='ltr'><strong><em>infelices</em></strong></span> <span class='ocrx_word' id='word_1_306' title='bbox 520 2878 666 2949; x_wconf 78' lang='lat' dir='ltr'><strong><em>principes</em></strong></span> <span class='ocrx_word' id='word_1_307' title='bbox 684 2877 788 2933; x_wconf 90' lang='lat' dir='ltr'><strong><em>deliniti</em></strong></span> <span class='ocrx_word' id='word_1_308' title='bbox 807 2879 834 2930; x_wconf 91' lang='lat' dir='ltr'><strong><em>in</em></strong></span> <span class='ocrx_word' id='word_1_309' title='bbox 857 2877 994 2930; x_wconf 78' lang='lat' dir='ltr'><strong><em>maximos</em></strong></span> <span class='ocrx_word' id='word_1_310' title='bbox 1012 2888 1125 2930; x_wconf 88' lang='lat' dir='ltr'><strong><em>errores</em></strong></span> <span class='ocrx_word' id='word_1_311' title='bbox 1144 2877 1284 2946; x_wconf 83' lang='lat' dir='ltr'><strong><em>primuni,</em></strong></span> <span class='ocrx_word' id='word_1_312' title='bbox 1312 2876 1410 2932; x_wconf 85' lang='lat' dir='ltr'><strong><em>deinde</em></strong></span> 
     </span>
     <span class='ocr_line' id='line_1_30' title="bbox 112 2959 1477 3033; baseline 0.004 -22"><span class='ocrx_word' id='word_1_313' title='bbox 112 2959 141 3011; x_wconf 90' lang='lat' dir='ltr'><strong><em>in</em></strong></span> <span class='ocrx_word' id='word_1_314' title='bbox 163 2959 301 3012; x_wconf 81' lang='lat' dir='ltr'><strong><em>maximos</em></strong></span> <span class='ocrx_word' id='word_1_315' title='bbox 320 2959 410 3014; x_wconf 85' lang='lat' dir='ltr'><strong><em>luctus</em></strong></span> <span class='ocrx_word' id='word_1_316' title='bbox 433 2963 658 3033; x_wconf 71' lang='lat' dir='ltr'><strong><em>precipitantur.</em></strong></span> <span class='ocrx_word' id='word_1_317' title='bbox 701 2963 759 3033; x_wconf 85' lang='lat' dir='ltr'><strong><em>Aqe</em></strong></span> <span class='ocrx_word' id='word_1_318' title='bbox 786 2976 851 3017; x_wconf 84' lang='lat' dir='ltr'><strong><em>aero</em></strong></span> <span class='ocrx_word' id='word_1_319' title='bbox 869 2975 936 3031; x_wconf 87' lang='lat' dir='ltr'><strong><em>pree</em></strong></span> <span class='ocrx_word' id='word_1_320' title='bbox 963 2959 1106 3031; x_wconf 81' lang='lat' dir='ltr'><strong><em>desyderii</em></strong></span> <span class='ocrx_word' id='word_1_321' title='bbox 1133 2966 1160 3014; x_wconf 89' lang='lat' dir='ltr'><strong><em>et</em></strong></span> <span class='ocrx_word' id='word_1_322' title='bbox 1185 2961 1333 3031; x_wconf 87' lang='lat' dir='ltr'><strong><em>cupiditate</em></strong></span> <span class='ocrx_word' id='word_1_323' title='bbox 1359 2962 1477 3017; x_wconf 67' lang='lat' dir='ltr'><strong><em>ilo-w·</em></strong></span> 
     </span>
     <span class='ocr_line' id='line_1_31' title="bbox 78 3042 1409 3118; baseline 0.002 -22"><span class='ocrx_word' id='word_1_324' title='bbox 78 3042 417 3105; x_wconf 68' lang='lat' dir='ltr'><strong><em>„emendatissime</em></strong></span> <span class='ocrx_word' id='word_1_325' title='bbox 441 3050 489 3100; x_wconf 89' lang='lat' dir='ltr'><strong><em>aut</em></strong></span> <span class='ocrx_word' id='word_1_326' title='bbox 510 3045 610 3102; x_wconf 76' lang='lat' dir='ltr'><strong><em>leonori</em></strong></span> <span class='ocrx_word' id='word_1_327' title='bbox 628 3062 694 3114; x_wconf 92' lang='lat' dir='ltr'><strong><em>suo,</em></strong></span> <span class='ocrx_word' id='word_1_328' title='bbox 723 3049 748 3101; x_wconf 87' lang='lat' dir='ltr'><strong><em>si</em></strong></span> <span class='ocrx_word' id='word_1_329' title='bbox 774 3048 823 3101; x_wconf 91' lang='lat' dir='ltr'><strong><em>ulli</em></strong></span> <span class='ocrx_word' id='word_1_330' title='bbox 846 3046 984 3100; x_wconf 86' lang='lat' dir='ltr'><strong><em>bominum</em></strong></span> <span class='ocrx_word' id='word_1_331' title='bbox 1005 3049 1053 3097; x_wconf 89' lang='lat' dir='ltr'><strong><em>aut</em></strong></span> <span class='ocrx_word' id='word_1_332' title='bbox 1074 3043 1125 3099; x_wconf 89' lang='lat' dir='ltr'><strong><em>deo</em></strong></span> <span class='ocrx_word' id='word_1_333' title='bbox 1145 3045 1202 3115; x_wconf 90' lang='lat' dir='ltr'><strong><em>ipsi</em></strong></span> <span class='ocrx_word' id='word_1_334' title='bbox 1217 3061 1339 3118; x_wconf 86' lang='lat' dir='ltr'><strong><em>unquam</em></strong></span> <span class='ocrx_word' id='word_1_335' title='bbox 1357 3061 1409 3117; x_wconf 83' lang='lat' dir='ltr'><strong><em>pc-</em></strong></span> 
     </span>
     <span class='ocr_line' id='line_1_32' title="bbox 109 3120 1409 3206; baseline 0.002 -25"><span class='ocrx_word' id='word_1_336' title='bbox 109 3133 280 3199; x_wconf 82' lang='lat' dir='ltr'><strong><em>percerunt:</em></strong></span> <span class='ocrx_word' id='word_1_337' title='bbox 312 3132 385 3183; x_wconf 86' lang='lat' dir='ltr'><strong><em>testis</em></strong></span> <span class='ocrx_word' id='word_1_338' title='bbox 412 3136 454 3185; x_wconf 91' lang='lat' dir='ltr'><strong><em>est</em></strong></span> <span class='ocrx_word' id='word_1_339' title='bbox 479 3129 599 3186; x_wconf 85' lang='lat' dir='ltr'><strong><em>lacobus</em></strong></span> <span class='ocrx_word' id='word_1_340' title='bbox 623 3131 691 3186; x_wconf 79' lang='lat' dir='ltr'><strong><em>lisa</em></strong></span> <span class='ocrx_word' id='word_1_341' title='bbox 716 3131 815 3203; x_wconf 75' lang='lat' dir='ltr'><strong><em>Cypri,</em></strong></span> <span class='ocrx_word' id='word_1_342' title='bbox 844 3144 925 3201; x_wconf 88' lang='lat' dir='ltr'><strong><em>quem</em></strong></span> <span class='ocrx_word' id='word_1_343' title='bbox 950 3135 1064 3200; x_wconf 86' lang='lat' dir='ltr'><strong><em>accepta</em></strong></span> <span class='ocrx_word' id='word_1_344' title='bbox 1081 3130 1167 3200; x_wconf 92' lang='lat' dir='ltr'><strong><em>prius</em></strong></span> <span class='ocrx_word' id='word_1_345' title='bbox 1198 3120 1409 3206; x_wconf 45' lang='grc' dir='ltr'><strong><em>Ιξζξῇᾞᾍ</em></strong></span> 
     </span>
     <span class='ocr_line' id='line_1_33' title="bbox 108 3211 1409 3295; baseline 0.002 -29"><span class='ocrx_word' id='word_1_346' title='bbox 108 3213 140 3266; x_wconf 91' lang='lat' dir='ltr'><strong><em>in</em></strong></span> <span class='ocrx_word' id='word_1_347' title='bbox 159 3226 277 3268; x_wconf 70' lang='lat' dir='ltr'><strong><em>umorem</em></strong></span> <span class='ocrx_word' id='word_1_348' title='bbox 297 3213 358 3284; x_wconf 80' lang='lat' dir='ltr'><strong><em>filia</em></strong></span> <span class='ocrx_word' id='word_1_349' title='bbox 377 3217 468 3271; x_wconf 87' lang='lat' dir='ltr'><strong><em>sancti</em></strong></span> <span class='ocrx_word' id='word_1_350' title='bbox 485 3214 581 3270; x_wconf 88' lang='lat' dir='ltr'><strong><em>Marci</em></strong></span> <span class='ocrx_word' id='word_1_351' title='bbox 603 3212 668 3290; x_wconf 87' lang='lat' dir='ltr'><strong><em>(nli,</em></strong></span> <span class='ocrx_word' id='word_1_352' title='bbox 695 3233 796 3271; x_wconf 89' lang='lat' dir='ltr'><strong><em>omaro</em></strong></span> <span class='ocrx_word' id='word_1_353' title='bbox 817 3217 893 3286; x_wconf 80' lang='lat' dir='ltr'><strong><em>filia,</em></strong></span> <span class='ocrx_word' id='word_1_354' title='bbox 913 3221 939 3270; x_wconf 91' lang='lat' dir='ltr'><strong><em>et</em></strong></span> <span class='ocrx_word' id='word_1_355' title='bbox 959 3212 1113 3285; x_wconf 77' lang='lat' dir='ltr'><strong><em>infaustum</em></strong></span> <span class='ocrx_word' id='word_1_356' title='bbox 1139 3217 1236 3269; x_wconf 87' lang='lat' dir='ltr'><strong><em>matri—</em></strong></span> <span class='ocrx_word' id='word_1_357' title='bbox 1262 3211 1344 3295; x_wconf 57' lang='lat'><strong><em>1022„</em></strong></span> <span class='ocrx_word' id='word_1_358' title='bbox 1384 3218 1409 3245; x_wconf 78' lang='lat'><strong><em>‘⁸</em></strong></span> 
     </span>
     <span class='ocr_line' id='line_1_34' title="bbox 109 3292 1407 3371; baseline 0.003 -20"><span class='ocrx_word' id='word_1_359' title='bbox 109 3292 258 3371; x_wconf 80' lang='lat' dir='ltr'><strong><em>manbimt)</em></strong></span> <span class='ocrx_word' id='word_1_360' title='bbox 290 3314 349 3353; x_wconf 86' lang='lat' dir='ltr'><strong><em>una</em></strong></span> <span class='ocrx_word' id='word_1_361' title='bbox 374 3314 437 3354; x_wconf 90' lang='lat' dir='ltr'><strong><em>cum</em></strong></span> <span class='ocrx_word' id='word_1_362' title='bbox 461 3301 545 3371; x_wconf 80' lang='lat' dir='ltr'><strong><em>filiolo</em></strong></span> <span class='ocrx_word' id='word_1_363' title='bbox 569 3302 641 3357; x_wconf 89' lang='lat' dir='ltr'><strong><em>clam</em></strong></span> <span class='ocrx_word' id='word_1_364' title='bbox 669 3315 773 3357; x_wconf 85' lang='lat' dir='ltr'><strong><em>veneno</em></strong></span> <span class='ocrx_word' id='word_1_365' title='bbox 796 3301 982 3367; x_wconf 86' lang='lat' dir='ltr'><strong><em>sustulerunt,</em></strong></span> <span class='ocrx_word' id='word_1_366' title='bbox 1010 3306 1040 3354; x_wconf 89' lang='lat' dir='ltr'><strong><em>ut</em></strong></span> <span class='ocrx_word' id='word_1_367' title='bbox 1066 3299 1153 3371; x_wconf 81' lang='lat' dir='ltr'><strong><em>Cypri</em></strong></span> <span class='ocrx_word' id='word_1_368' title='bbox 1178 3313 1278 3371; x_wconf 84' lang='lat' dir='ltr'><strong><em>reqno,</em></strong></span> <span class='ocrx_word' id='word_1_369' title='bbox 1308 3306 1340 3355; x_wconf 88' lang='lat' dir='ltr'><strong><em>ut</em></strong></span> <span class='ocrx_word' id='word_1_370' title='bbox 1364 3303 1407 3355; x_wconf 92' lang='lat' dir='ltr'><strong><em>in-</em></strong></span> 
     </span>
     <span class='ocr_line' id='line_1_35' title="bbox 109 3381 1408 3459; baseline 0.003 -23"><span class='ocrx_word' id='word_1_371' title='bbox 109 3381 172 3437; x_wconf 82' lang='lat' dir='ltr'><strong><em>aula</em></strong></span> <span class='ocrx_word' id='word_1_372' title='bbox 198 3398 293 3438; x_wconf 82' lang='lat' dir='ltr'><strong><em>aeirem</em></strong></span> <span class='ocrx_word' id='word_1_373' title='bbox 320 3385 459 3454; x_wconf 86' lang='lat' dir='ltr'><strong><em>qnondam</em></strong></span> <span class='ocrx_word' id='word_1_374' title='bbox 479 3400 629 3458; x_wconf 85' lang='lat' dir='ltr'><strong><em>rsqnoriim</em></strong></span> <span class='ocrx_word' id='word_1_375' title='bbox 648 3401 755 3459; x_wconf 87' lang='lat' dir='ltr'><strong><em>capace</em></strong></span> <span class='ocrx_word' id='word_1_376' title='bbox 772 3388 930 3457; x_wconf 86' lang='lat' dir='ltr'><strong><em>potirentur</em></strong></span> <span class='ocrx_word' id='word_1_377' title='bbox 936 3408 944 3446; x_wconf 90' lang='lat'><strong><em>,·</em></strong></span> <span class='ocrx_word' id='word_1_378' title='bbox 965 3390 1044 3440; x_wconf 89' lang='lat' dir='ltr'><strong><em>testes</em></strong></span> <span class='ocrx_word' id='word_1_379' title='bbox 1064 3390 1129 3439; x_wconf 86' lang='lat' dir='ltr'><strong><em>sunt</em></strong></span> <span class='ocrx_word' id='word_1_380' title='bbox 1147 3384 1320 3440; x_wconf 79' lang='lat' dir='ltr'><strong><em>Franciseus</em></strong></span> <span class='ocrx_word' id='word_1_381' title='bbox 1337 3384 1408 3442; x_wconf 84' lang='lat' dir='ltr'><strong><em>Car·</em></strong></span> 
     </span>
     <span class='ocr_line' id='line_1_36' title="bbox 77 3467 1409 3568; baseline 0.003 -47"><span class='ocrx_word' id='word_1_382' title='bbox 77 3467 231 3538; x_wconf 72' lang='lat' dir='ltr'><strong><em>nmiqnola</em></strong></span> <span class='ocrx_word' id='word_1_383' title='bbox 254 3475 280 3522; x_wconf 90' lang='lat' dir='ltr'><strong><em>et</em></strong></span> <span class='ocrx_word' id='word_1_384' title='bbox 300 3468 521 3525; x_wconf 75' lang='lat' dir='ltr'><strong><em>Bartholomaeus</em></strong></span> <span class='ocrx_word' id='word_1_385' title='bbox 544 3472 724 3544; x_wconf 85' lang='lat' dir='ltr'><strong><em>Berqomates</em></strong></span> <span class='ocrx_word' id='word_1_386' title='bbox 748 3478 924 3543; x_wconf 84' lang='lat' dir='ltr'><strong><em>coqnomento</em></strong></span> <span class='ocrx_word' id='word_1_387' title='bbox 948 3469 1041 3536; x_wconf 88' lang='lat' dir='ltr'><strong><em>Celso,</em></strong></span> <span class='ocrx_word' id='word_1_388' title='bbox 1072 3484 1166 3525; x_wconf 87' lang='lat' dir='ltr'><strong><em>eorum</em></strong></span> <span class='ocrx_word' id='word_1_389' title='bbox 1216 3486 1326 3566; x_wconf 46' lang='lat' dir='ltr'><strong><em>&amp;nam</em></strong></span> <span class='ocrx_word' id='word_1_390' title='bbox 1348 3497 1409 3568; x_wconf 56' lang='grc' dir='ltr'><strong><em>,πω</em></strong></span> 
     </span>
     <span class='ocr_line' id='line_1_37' title="bbox 110 3531 1407 3627; baseline 0.005 -22"><span class='ocrx_word' id='word_1_391' title='bbox 110 3553 255 3622; x_wconf 88' lang='lat' dir='ltr'><strong><em>copiarum</em></strong></span> <span class='ocrx_word' id='word_1_392' title='bbox 273 3553 373 3621; x_wconf 86' lang='lat' dir='ltr'><strong><em>duces,</em></strong></span> <span class='ocrx_word' id='word_1_393' title='bbox 402 3554 455 3611; x_wconf 88' lang='lat' dir='ltr'><strong><em>duo</em></strong></span> <span class='ocrx_word' id='word_1_394' title='bbox 479 3561 545 3611; x_wconf 89' lang='lat' dir='ltr'><strong><em>tunc</em></strong></span> <span class='ocrx_word' id='word_1_395' title='bbox 562 3557 589 3611; x_wconf 90' lang='lat' dir='ltr'><strong><em>in</em></strong></span> <span class='ocrx_word' id='word_1_396' title='bbox 611 3572 644 3613; x_wconf 89' lang='lat' dir='ltr'><strong><em>re</em></strong></span> <span class='ocrx_word' id='word_1_397' title='bbox 661 3559 773 3612; x_wconf 83' lang='lat' dir='ltr'><strong><em>militari</em></strong></span> <span class='ocrx_word' id='word_1_398' title='bbox 791 3556 1026 3627; x_wconf 80' lang='lat' dir='ltr'><strong><em>praestantissimi,</em></strong></span> <span class='ocrx_word' id='word_1_399' title='bbox 1049 3569 1168 3626; x_wconf 88' lang='lat' dir='ltr'><strong><em>quorum</em></strong></span> <span class='ocrx_word' id='word_1_400' title='bbox 1216 3531 1407 3611; x_wconf 42' lang='lat' dir='ltr'><strong><em>animiam?</em></strong></span> 
     </span>
     <span class='ocr_line' id='line_1_38' title="bbox 109 3637 1405 3710; baseline 0.004 -20"><span class='ocrx_word' id='word_1_401' title='bbox 109 3637 191 3692; x_wconf 82' lang='lat' dir='ltr'><strong><em>alteri</em></strong></span> <span class='ocrx_word' id='word_1_402' title='bbox 205 3643 323 3708; x_wconf 81' lang='lat' dir='ltr'><strong><em>propter</em></strong></span> <span class='ocrx_word' id='word_1_403' title='bbox 343 3638 466 3710; x_wconf 79' lang='lat' dir='ltr'><strong><em>facetum</em></strong></span> <span class='ocrx_word' id='word_1_404' title='bbox 483 3646 532 3696; x_wconf 85' lang='lat' dir='ltr'><strong><em>aut</em></strong></span> <span class='ocrx_word' id='word_1_405' title='bbox 552 3643 712 3698; x_wconf 74' lang='lat' dir='ltr'><strong><em>nubilosum</em></strong></span> <span class='ocrx_word' id='word_1_406' title='bbox 733 3643 834 3698; x_wconf 86' lang='lat' dir='ltr'><strong><em>dictam</em></strong></span> <span class='ocrx_word' id='word_1_407' title='bbox 856 3643 886 3696; x_wconf 92' lang='lat' dir='ltr'><strong><em>in</em></strong></span> <span class='ocrx_word' id='word_1_408' title='bbox 907 3641 996 3696; x_wconf 87' lang='lat' dir='ltr'><strong><em>medio</em></strong></span> <span class='ocrx_word' id='word_1_409' title='bbox 1021 3642 1100 3695; x_wconf 68' lang='lat' dir='ltr'><strong><em>cuma</em></strong></span> <span class='ocrx_word' id='word_1_410' title='bbox 1129 3653 1241 3695; x_wconf 87' lang='lat' dir='ltr'><strong><em>reorum</em></strong></span> <span class='ocrx_word' id='word_1_411' title='bbox 1268 3654 1347 3695; x_wconf 88' lang='lat' dir='ltr'><strong><em>more</em></strong></span> <span class='ocrx_word' id='word_1_412' title='bbox 1362 3654 1405 3695; x_wconf 89' lang='lat' dir='ltr'><strong><em>se·</em></strong></span> 
     </span>
     <span class='ocr_line' id='line_1_39' title="bbox 108 3723 1404 3799; baseline 0.005 -23"><span class='ocrx_word' id='word_1_413' title='bbox 108 3723 174 3776; x_wconf 85' lang='lat' dir='ltr'><strong><em>cari</em></strong></span> <span class='ocrx_word' id='word_1_414' title='bbox 193 3728 279 3793; x_wconf 84' lang='lat' dir='ltr'><strong><em>eaput</em></strong></span> <span class='ocrx_word' id='word_1_415' title='bbox 293 3732 488 3794; x_wconf 79' lang='lat' dir='ltr'><strong><em>impiitaoere,</em></strong></span> <span class='ocrx_word' id='word_1_416' title='bbox 511 3726 745 3783; x_wconf 89' lang='lat' dir='ltr'><strong><em>Bartbolomoeum</em></strong></span> <span class='ocrx_word' id='word_1_417' title='bbox 763 3734 852 3783; x_wconf 86' lang='lat' dir='ltr'><strong><em>autem</em></strong></span> <span class='ocrx_word' id='word_1_418' title='bbox 871 3733 992 3799; x_wconf 89' lang='lat' dir='ltr'><strong><em>propter</em></strong></span> <span class='ocrx_word' id='word_1_419' title='bbox 1012 3727 1134 3796; x_wconf 86' lang='lat' dir='ltr'><strong><em>inqentes</em></strong></span> <span class='ocrx_word' id='word_1_420' title='bbox 1152 3739 1219 3796; x_wconf 87' lang='lat' dir='ltr'><strong><em>opes</em></strong></span> <span class='ocrx_word' id='word_1_421' title='bbox 1236 3725 1333 3780; x_wconf 86' lang='lat' dir='ltr'><strong><em>bellica</em></strong></span> <span class='ocrx_word' id='word_1_422' title='bbox 1348 3727 1404 3782; x_wconf 86' lang='lat' dir='ltr'><strong><em>oir-</em></strong></span> 
     </span>
     <span class='ocr_line' id='line_1_40' title="bbox 107 3807 1474 3879; baseline 0.001 -19"><span class='ocrx_word' id='word_1_423' title='bbox 107 3813 163 3860; x_wconf 88' lang='lat' dir='ltr'><strong><em>tute</em></strong></span> <span class='ocrx_word' id='word_1_424' title='bbox 190 3807 322 3879; x_wconf 79' lang='lat' dir='ltr'><strong><em>quaesitas</em></strong></span> <span class='ocrx_word' id='word_1_425' title='bbox 343 3809 423 3863; x_wconf 87' lang='lat' dir='ltr'><strong><em>etiam</em></strong></span> <span class='ocrx_word' id='word_1_426' title='bbox 445 3824 548 3866; x_wconf 80' lang='lat' dir='ltr'><strong><em>veneno</em></strong></span> <span class='ocrx_word' id='word_1_427' title='bbox 572 3815 642 3867; x_wconf 87' lang='lat' dir='ltr'><strong><em>clam</em></strong></span> <span class='ocrx_word' id='word_1_428' title='bbox 671 3813 827 3868; x_wconf 89' lang='lat' dir='ltr'><strong><em>necandum</em></strong></span> <span class='ocrx_word' id='word_1_429' title='bbox 852 3817 1035 3868; x_wconf 84' lang='lat' dir='ltr'><strong><em>curaverunt.-</em></strong></span> <span class='ocrx_word' id='word_1_430' title='bbox 1064 3811 1138 3865; x_wconf 89' lang='lat' dir='ltr'><strong><em>testis</em></strong></span> <span class='ocrx_word' id='word_1_431' title='bbox 1164 3816 1204 3865; x_wconf 89' lang='lat' dir='ltr'><strong><em>est</em></strong></span> <span class='ocrx_word' id='word_1_432' title='bbox 1230 3808 1474 3865; x_wconf 71' lang='lat' dir='ltr'><strong><em>Patmormasns.</em></strong></span> 
     </span>
    </p>
   </div>
   <div class='ocr_carea' id='block_1_3' title="bbox 109 3937 310 3945">
    <p class='ocr_par' dir='ltr' id='par_1_3' title="bbox 109 3937 310 3945">
     <span class='ocr_line' id='line_1_41' title="bbox 109 3937 310 3945; baseline 0.005 -1"><span class='ocrx_word' id='word_1_433' title='bbox 109 3937 310 3945; x_wconf 75' lang='lat'>——----—-—</span> 
     </span>
    </p>
   </div>
   <div class='ocr_carea' id='block_1_4' title="bbox 106 4005 1405 4584">
    <p class='ocr_par' dir='ltr' id='par_1_4' title="bbox 106 4005 1405 4584">
     <span class='ocr_line' id='line_1_42' title="bbox 176 4005 1403 4075; baseline 0.003 -20"><span class='ocrx_word' id='word_1_434' title='bbox 176 4005 412 4058; x_wconf 65' lang='lat' dir='ltr'><strong><em>idimmittidot.</em></strong></span> <span class='ocrx_word' id='word_1_435' title='bbox 459 4006 715 4060; x_wconf 68' lang='lat' dir='ltr'><strong><em>”calidistimiszm</em></strong></span> <span class='ocrx_word' id='word_1_436' title='bbox 773 4010 793 4043; x_wconf 91' lang='lat'><strong><em>¹⁰</em></strong></span> <span class='ocrx_word' id='word_1_437' title='bbox 811 4011 930 4075; x_wconf 77' lang='lat' dir='ltr'><strong><em>retibus:</em></strong></span> <span class='ocrx_word' id='word_1_438' title='bbox 951 4013 975 4058; x_wconf 91' lang='lat' dir='ltr'><strong><em>t.</em></strong></span> <span class='ocrx_word' id='word_1_439' title='bbox 1027 4008 1050 4042; x_wconf 80' lang='lat'><strong><em>¹⁴</em></strong></span> <span class='ocrx_word' id='word_1_440' title='bbox 1068 4008 1271 4074; x_wconf 68' lang='lat' dir='ltr'><strong><em>Syrennmm.</em></strong></span> <span class='ocrx_word' id='word_1_441' title='bbox 1318 4006 1341 4040; x_wconf 78' lang='lat'><strong><em>²⁸</em></strong></span> <span class='ocrx_word' id='word_1_442' title='bbox 1359 4023 1403 4073; x_wconf 81' lang='lat' dir='ltr'><strong><em>oy·</em></strong></span> 
     </span>
     <span class='ocr_line' id='line_1_43' title="bbox 110 4089 1404 4161; baseline 0.002 -21"><span class='ocrx_word' id='word_1_443' title='bbox 110 4089 206 4140; x_wconf 84' lang='lat' dir='ltr'><strong><em>tbaras</em></strong></span> <span class='ocrx_word' id='word_1_444' title='bbox 219 4093 276 4140; x_wconf 82' lang='lat'><em>1.2.</em></span> <span class='ocrx_word' id='word_1_445' title='bbox 322 4089 345 4123; x_wconf 78' lang='lat'><strong><em>¹⁸</em></strong></span> <span class='ocrx_word' id='word_1_446' title='bbox 363 4091 540 4142; x_wconf 79' lang='lat' dir='ltr'><strong><em>Anthiociit.</em></strong></span> <span class='ocrx_word' id='word_1_447' title='bbox 586 4091 609 4124; x_wconf 77' lang='lat'><strong><em>²⁶</em></strong></span> <span class='ocrx_word' id='word_1_448' title='bbox 627 4092 740 4161; x_wconf 81' lang='lat' dir='ltr'><strong><em>iegitur]</em></strong></span> <span class='ocrx_word' id='word_1_449' title='bbox 759 4093 1017 4145; x_wconf 76' lang='lat' dir='ltr'><strong><em>11.Macehab.1x.</em></strong></span> <span class='ocrx_word' id='word_1_450' title='bbox 1034 4091 1073 4144; x_wconf 78' lang='lat' dir='ltr'><strong><em>ts.</em></strong></span> <span class='ocrx_word' id='word_1_451' title='bbox 1126 4091 1148 4124; x_wconf 79' lang='lat'><strong><em>⁸¹</em></strong></span> <span class='ocrx_word' id='word_1_452' title='bbox 1167 4091 1274 4159; x_wconf 81' lang='lat' dir='ltr'><strong><em>Cyprus</em></strong></span> <span class='ocrx_word' id='word_1_453' title='bbox 1285 4093 1404 4144; x_wconf 86' lang='lat' dir='ltr'><strong><em>Venato-</em></strong></span> 
     </span>
     <span class='ocr_line' id='line_1_44' title="bbox 110 4174 1404 4240; baseline 0.004 -17"><span class='ocrx_word' id='word_1_454' title='bbox 110 4188 167 4224; x_wconf 84' lang='lat' dir='ltr'><strong><em>rnm</em></strong></span> <span class='ocrx_word' id='word_1_455' title='bbox 186 4174 301 4240; x_wconf 84' lang='lat' dir='ltr'><strong><em>imperio</em></strong></span> <span class='ocrx_word' id='word_1_456' title='bbox 320 4179 441 4226; x_wconf 84' lang='lat' dir='ltr'><strong><em>accessit</em></strong></span> <span class='ocrx_word' id='word_1_457' title='bbox 459 4192 485 4227; x_wconf 80' lang='lat' dir='ltr'><strong><em>n.</em></strong></span> <span class='ocrx_word' id='word_1_458' title='bbox 501 4175 573 4227; x_wconf 79' lang='lat' dir='ltr'><strong><em>litt.</em></strong></span> <span class='ocrx_word' id='word_1_459' title='bbox 605 4177 760 4229; x_wconf 75' lang='lat' dir='ltr'><strong><em>catharina</em></strong></span> <span class='ocrx_word' id='word_1_460' title='bbox 778 4179 914 4230; x_wconf 85' lang='lat' dir='ltr'><strong><em>Ceruaria</em></strong></span> <span class='ocrx_word' id='word_1_461' title='bbox 937 4179 966 4227; x_wconf 91' lang='lat' dir='ltr'><strong><em>in</em></strong></span> <span class='ocrx_word' id='word_1_462' title='bbox 989 4177 1193 4228; x_wconf 74' lang='lat' dir='ltr'><strong><em>matrimonium</em></strong></span> <span class='ocrx_word' id='word_1_463' title='bbox 1216 4177 1284 4228; x_wconf 82' lang='lat' dir='ltr'><strong><em>data</em></strong></span> <span class='ocrx_word' id='word_1_464' title='bbox 1301 4176 1404 4228; x_wconf 81' lang='lat' dir='ltr'><strong><em>Iacobo</em></strong></span> 
     </span>
     <span class='ocr_line' id='line_1_45' title="bbox 108 4260 1405 4327; baseline 0.003 -19"><span class='ocrx_word' id='word_1_465' title='bbox 108 4260 176 4325; x_wconf 78' lang='lat' dir='ltr'><strong><em>regi,</em></strong></span> <span class='ocrx_word' id='word_1_466' title='bbox 195 4275 275 4325; x_wconf 88' lang='lat' dir='ltr'><strong><em>quem</em></strong></span> <span class='ocrx_word' id='word_1_467' title='bbox 293 4274 354 4309; x_wconf 85' lang='lat' dir='ltr'><strong><em>enm</em></strong></span> <span class='ocrx_word' id='word_1_468' title='bbox 372 4275 480 4311; x_wconf 87' lang='lat' dir='ltr'><strong><em>veneno</em></strong></span> <span class='ocrx_word' id='word_1_469' title='bbox 499 4262 682 4315; x_wconf 80' lang='lat' dir='ltr'><strong><em>extinxissent</em></strong></span> <span class='ocrx_word' id='word_1_470' title='bbox 695 4278 720 4313; x_wconf 90' lang='lat' dir='ltr'><strong><em>a.</em></strong></span> <span class='ocrx_word' id='word_1_471' title='bbox 739 4262 810 4314; x_wconf 78' lang='lat' dir='ltr'><strong><em>tiis.</em></strong></span> <span class='ocrx_word' id='word_1_472' title='bbox 830 4263 990 4327; x_wconf 76' lang='lat' dir='ltr'><strong><em>dysenteria</em></strong></span> <span class='ocrx_word' id='word_1_473' title='bbox 1008 4262 1151 4312; x_wconf 74' lang='lat' dir='ltr'><strong><em>laborasse</em></strong></span> <span class='ocrx_word' id='word_1_474' title='bbox 1169 4261 1308 4312; x_wconf 85' lang='lat' dir='ltr'><strong><em>dicebant.</em></strong></span> <span class='ocrx_word' id='word_1_475' title='bbox 1339 4260 1405 4312; x_wconf 74' lang='lat' dir='ltr'><strong><em>(ior-</em></strong></span> 
     </span>
     <span class='ocr_line' id='line_1_46' title="bbox 107 4344 1404 4412; baseline 0.003 -20"><span class='ocrx_word' id='word_1_476' title='bbox 107 4359 203 4394; x_wconf 75' lang='lat' dir='ltr'><strong><em>neram</em></strong></span> <span class='ocrx_word' id='word_1_477' title='bbox 226 4344 410 4409; x_wconf 86' lang='lat' dir='ltr'><strong><em>adoptaverat</em></strong></span> <span class='ocrx_word' id='word_1_478' title='bbox 433 4345 610 4410; x_wconf 83' lang='lat' dir='ltr'><strong><em>Respublica.</em></strong></span> <span class='ocrx_word' id='word_1_479' title='bbox 641 4348 685 4397; x_wconf 84' lang='lat' dir='ltr'><strong><em>Ci.</em></strong></span> <span class='ocrx_word' id='word_1_480' title='bbox 700 4349 777 4398; x_wconf 86' lang='lat' dir='ltr'><strong><em>Hutt.</em></strong></span> <span class='ocrx_word' id='word_1_481' title='bbox 799 4347 859 4397; x_wconf 79' lang='lat' dir='ltr'><strong><em>enh.</em></strong></span> <span class='ocrx_word' id='word_1_482' title='bbox 879 4364 904 4397; x_wconf 89' lang='lat' dir='ltr'><strong><em>v.</em></strong></span> <span class='ocrx_word' id='word_1_483' title='bbox 920 4346 976 4397; x_wconf 84' lang='lat'><strong>178.</strong></span> <span class='ocrx_word' id='word_1_484' title='bbox 990 4362 1048 4412; x_wconf 88' lang='lat' dir='ltr'><strong><em>sqq.</em></strong></span> <span class='ocrx_word' id='word_1_485' title='bbox 1075 4352 1103 4397; x_wconf 86' lang='lat' dir='ltr'><strong><em>ot</em></strong></span> <span class='ocrx_word' id='word_1_486' title='bbox 1125 4345 1310 4396; x_wconf 81' lang='lat' dir='ltr'><strong><em>Maximiliani</em></strong></span> <span class='ocrx_word' id='word_1_487' title='bbox 1332 4360 1404 4412; x_wconf 79' lang='lat' dir='ltr'><strong><em>resp,</em></strong></span> 
     </span>
     <span class='ocr_line' id='line_1_47' title="bbox 108 4427 1404 4494; baseline 0.002 -17"><span class='ocrx_word' id='word_1_488' title='bbox 108 4427 223 4479; x_wconf 85' lang='lat' dir='ltr'><strong><em>Venetis</em></strong></span> <span class='ocrx_word' id='word_1_489' title='bbox 236 4428 340 4491; x_wconf 81' lang='lat' dir='ltr'><strong><em>datum,</em></strong></span> <span class='ocrx_word' id='word_1_490' title='bbox 355 4443 439 4494; x_wconf 89' lang='lat' dir='ltr'><strong><em>supra</em></strong></span> <span class='ocrx_word' id='word_1_491' title='bbox 451 4446 477 4494; x_wconf 91' lang='lat' dir='ltr'><strong><em>p.</em></strong></span> <span class='ocrx_word' id='word_1_492' title='bbox 493 4428 548 4480; x_wconf 80' lang='lat'>163.</span> <span class='ocrx_word' id='word_1_493' title='bbox 600 4429 623 4464; x_wconf 79' lang='lat'><strong><em>³⁴</em></strong></span> <span class='ocrx_word' id='word_1_494' title='bbox 645 4433 687 4481; x_wconf 83' lang='lat' dir='ltr'><strong><em>De</em></strong></span> <span class='ocrx_word' id='word_1_495' title='bbox 702 4431 926 4482; x_wconf 84' lang='lat' dir='ltr'><strong><em>Carmaniolensi</em></strong></span> <span class='ocrx_word' id='word_1_496' title='bbox 939 4435 967 4481; x_wconf 86' lang='lat' dir='ltr'><strong><em>et</em></strong></span> <span class='ocrx_word' id='word_1_497' title='bbox 979 4431 1100 4483; x_wconf 81' lang='lat' dir='ltr'><strong><em>Coleone</em></strong></span> <span class='ocrx_word' id='word_1_498' title='bbox 1120 4431 1157 4481; x_wconf 82' lang='lat' dir='ltr'><strong><em>oi.</em></strong></span> <span class='ocrx_word' id='word_1_499' title='bbox 1168 4429 1242 4479; x_wconf 83' lang='lat' dir='ltr'><strong><em>inira</em></strong></span> <span class='ocrx_word' id='word_1_500' title='bbox 1255 4430 1290 4480; x_wconf 88' lang='lat' dir='ltr'><strong><em>ad</em></strong></span> <span class='ocrx_word' id='word_1_501' title='bbox 1302 4431 1404 4481; x_wconf 69' lang='lat' dir='ltr'><strong><em>Venit.</em></strong></span> 
     </span>
     <span class='ocr_line' id='line_1_48' title="bbox 106 4511 1405 4584; baseline 0.005 -23"><span class='ocrx_word' id='word_1_502' title='bbox 106 4526 133 4562; x_wconf 87' lang='lat' dir='ltr'><strong><em>v.</em></strong></span> <span class='ocrx_word' id='word_1_503' title='bbox 146 4511 206 4562; x_wconf 74' lang='lat'>221.</span> <span class='ocrx_word' id='word_1_504' title='bbox 226 4513 320 4577; x_wconf 58' lang='lat' dir='ltr'><strong><em>„jann</em></strong></span> <span class='ocrx_word' id='word_1_505' title='bbox 338 4528 362 4564; x_wconf 88' lang='lat' dir='ltr'><strong><em>is</em></strong></span> <span class='ocrx_word' id='word_1_506' title='bbox 381 4512 424 4577; x_wconf 59' lang='lat' dir='ltr'><strong><em>effi</em></strong></span> <span class='ocrx_word' id='word_1_507' title='bbox 442 4514 556 4580; x_wconf 65' lang='lat' dir='ltr'><strong><em>asinini,</em></strong></span> <span class='ocrx_word' id='word_1_508' title='bbox 573 4522 600 4578; x_wconf 68' lang='lat' dir='ltr'><strong><em>tt</em></strong></span> <span class='ocrx_word' id='word_1_509' title='bbox 621 4516 659 4579; x_wconf 75' lang='lat' dir='ltr'><strong><em>[qi</em></strong></span> <span class='ocrx_word' id='word_1_510' title='bbox 678 4517 734 4569; x_wconf 85' lang='lat' dir='ltr'><strong><em>amb</em></strong></span> <span class='ocrx_word' id='word_1_511' title='bbox 752 4517 855 4580; x_wconf 70' lang='lat' dir='ltr'><strong><em>nimian,</em></strong></span> <span class='ocrx_word' id='word_1_512' title='bbox 876 4523 931 4568; x_wconf 80' lang='lat' dir='ltr'><strong><em>anit</em></strong></span> <span class='ocrx_word' id='word_1_513' title='bbox 951 4517 1045 4567; x_wconf 80' lang='lat' dir='ltr'><strong><em>bisina</em></strong></span> <span class='ocrx_word' id='word_1_514' title='bbox 1064 4517 1138 4584; x_wconf 68' lang='lat' dir='ltr'><strong><em>stiam</em></strong></span> <span class='ocrx_word' id='word_1_515' title='bbox 1150 4516 1246 4580; x_wconf 71' lang='lat' dir='ltr'><strong><em>salben,</em></strong></span> <span class='ocrx_word' id='word_1_516' title='bbox 1262 4513 1405 4579; x_wconf 73' lang='lat' dir='ltr'><strong><em>jribnubt·</em></strong></span> 
     </span>
    </p>
   </div>
   <div class='ocr_carea' id='block_1_5' title="bbox 106 4595 1404 4749">
    <p class='ocr_par' dir='ltr' id='par_1_5' title="bbox 106 4595 1404 4749">
     <span class='ocr_line' id='line_1_49' title="bbox 107 4595 1403 4664; baseline 0.003 -16"><span class='ocrx_word' id='word_1_517' title='bbox 107 4595 158 4649; x_wconf 78' lang='lat' dir='ltr'><strong><em>tells</em></strong></span> <span class='ocrx_word' id='word_1_518' title='bbox 185 4598 342 4661; x_wconf 69' lang='lat' dir='ltr'><strong><em>instantem.</em></strong></span> <span class='ocrx_word' id='word_1_519' title='bbox 370 4602 409 4651; x_wconf 83' lang='lat' dir='ltr'><strong><em>nti</em></strong></span> <span class='ocrx_word' id='word_1_520' title='bbox 432 4600 470 4661; x_wconf 78' lang='lat' dir='ltr'><strong><em>[qr</em></strong></span> <span class='ocrx_word' id='word_1_521' title='bbox 492 4599 578 4662; x_wconf 72' lang='lat' dir='ltr'><strong><em>bisunt</em></strong></span> <span class='ocrx_word' id='word_1_522' title='bbox 599 4608 652 4652; x_wconf 82' lang='lat' dir='ltr'><strong><em>asia</em></strong></span> <span class='ocrx_word' id='word_1_523' title='bbox 676 4600 861 4663; x_wconf 56' lang='lat' dir='ltr'><strong><em>&amp;impanatio</em></strong></span> <span class='ocrx_word' id='word_1_524' title='bbox 884 4605 971 4664; x_wconf 74' lang='lat' dir='ltr'><strong><em>asiana</em></strong></span> <span class='ocrx_word' id='word_1_525' title='bbox 994 4603 1084 4663; x_wconf 54' lang='lat' dir='ltr'><strong><em>band&amp;</em></strong></span> <span class='ocrx_word' id='word_1_526' title='bbox 1120 4597 1250 4663; x_wconf 73' lang='lat' dir='ltr'><strong><em>bruniam</em></strong></span> <span class='ocrx_word' id='word_1_527' title='bbox 1273 4598 1403 4662; x_wconf 64' lang='lat' dir='ltr'><strong><em>tannim.</em></strong></span> 
     </span>
     <span class='ocr_line' id='line_1_50' title="bbox 106 4678 1404 4749; baseline 0.003 -19"><span class='ocrx_word' id='word_1_528' title='bbox 106 4678 128 4711; x_wconf 78' lang='lat'><strong><em>³⁸</em></strong></span> <span class='ocrx_word' id='word_1_529' title='bbox 146 4681 205 4732; x_wconf 88' lang='lat' dir='ltr'><strong><em>lob.</em></strong></span> <span class='ocrx_word' id='word_1_530' title='bbox 217 4683 391 4733; x_wconf 84' lang='lat' dir='ltr'><strong><em>Partieiaous</em></strong></span> <span class='ocrx_word' id='word_1_531' title='bbox 410 4698 431 4733; x_wconf 93' lang='lat' dir='ltr'><strong><em>s.</em></strong></span> <span class='ocrx_word' id='word_1_532' title='bbox 445 4684 627 4734; x_wconf 83' lang='lat' dir='ltr'><strong><em>Particintius</em></strong></span> <span class='ocrx_word' id='word_1_533' title='bbox 646 4685 702 4745; x_wconf 85' lang='lat' dir='ltr'><strong><em>„ab</em></strong></span> <span class='ocrx_word' id='word_1_534' title='bbox 721 4685 877 4734; x_wconf 88' lang='lat' dir='ltr'><strong><em>hominibus</em></strong></span> <span class='ocrx_word' id='word_1_535' title='bbox 897 4684 1014 4735; x_wconf 84' lang='lat' dir='ltr'><strong><em>adversa</em></strong></span> <span class='ocrx_word' id='word_1_536' title='bbox 1039 4684 1170 4734; x_wconf 84' lang='lat' dir='ltr'><strong><em>factionis</em></strong></span> <span class='ocrx_word' id='word_1_537' title='bbox 1195 4699 1243 4749; x_wconf 86' lang='lat' dir='ltr'><strong><em>pro</em></strong></span> <span class='ocrx_word' id='word_1_538' title='bbox 1267 4684 1326 4734; x_wconf 77' lang='lat' dir='ltr'><strong><em>ede</em></strong></span> <span class='ocrx_word' id='word_1_539' title='bbox 1345 4683 1404 4734; x_wconf 81' lang='lat' dir='ltr'><strong><em>divi</em></strong></span> 
     </span>
    </p>
   </div>
   <div class='ocr_carea' id='block_1_6' title="bbox 107 4764 1403 4835">
    <p class='ocr_par' dir='ltr' id='par_1_6' title="bbox 107 4764 1403 4835">
     <span class='ocr_line' id='line_1_51' title="bbox 107 4764 1403 4835; baseline 0.005 -21"><span class='ocrx_word' id='word_1_540' title='bbox 107 4764 197 4828; x_wconf 87' lang='lat' dir='ltr'><strong><em>Petri,</em></strong></span> <span class='ocrx_word' id='word_1_541' title='bbox 217 4781 270 4832; x_wconf 89' lang='lat' dir='ltr'><strong><em>qno</em></strong></span> <span class='ocrx_word' id='word_1_542' title='bbox 289 4782 429 4819; x_wconf 85' lang='lat' dir='ltr'><strong><em>sacrorum</em></strong></span> <span class='ocrx_word' id='word_1_543' title='bbox 448 4768 515 4819; x_wconf 86' lang='lat' dir='ltr'><strong><em>hora</em></strong></span> <span class='ocrx_word' id='word_1_544' title='bbox 533 4784 564 4818; x_wconf 90' lang='lat' dir='ltr'><strong><em>se</em></strong></span> <span class='ocrx_word' id='word_1_545' title='bbox 583 4767 749 4832; x_wconf 83' lang='lat' dir='ltr'><strong><em>contulerat,</em></strong></span> <span class='ocrx_word' id='word_1_546' title='bbox 768 4769 880 4819; x_wconf 85' lang='lat' dir='ltr'><strong><em>insidiis</em></strong></span> <span class='ocrx_word' id='word_1_547' title='bbox 899 4772 1044 4834; x_wconf 85' lang='lat' dir='ltr'><strong><em>exceptus,</em></strong></span> <span class='ocrx_word' id='word_1_548' title='bbox 1065 4783 1177 4818; x_wconf 82' lang='lat' dir='ltr'><strong><em>summm</em></strong></span> <span class='ocrx_word' id='word_1_549' title='bbox 1196 4768 1344 4835; x_wconf 72' lang='lat' dir='ltr'><strong><em>dignitatis</em></strong></span> <span class='ocrx_word' id='word_1_550' title='bbox 1363 4768 1403 4820; x_wconf 82' lang='lat' dir='ltr'><strong><em>in-</em></strong></span> 
     </span>
    </p>
   </div>
   <div class='ocr_carea' id='block_1_7' title="bbox 0 0 1652 5408">
    <p class='ocr_par' dir='ltr' id='par_1_7' title="bbox 0 0 1652 5408">
     <span class='ocr_line' id='line_1_52' title="bbox 0 0 1652 5408; baseline 0 3"><span class='ocrx_word' id='word_1_551' title='bbox 0 0 1652 5408; x_wconf 95' lang='lat' dir='ltr'><strong><em> </em></strong></span> 
     </span>
    </p>
   </div>
  </div>
 </body>
</html>
