3294 5408
276 432 398 468 ἈΥΤῙἮΜ
410 432 447 466 ΔΙ)
460 429 594 466 08811111
609 429 820 465 ttsxtrnurauvu
831 428 1055 465 BPIGBAUATVH
1068 428 1161 465 mm.
1288 395 1364 471 2¹3

277 587 378 648 ‘Maior
399 586 491 649 Roma
514 586 568 646 tuit
589 602 755 665 nunquam,
779 585 958 647 contendere
980 586 1105 664 possim,

361 690 391 750 Si
414 690 479 768 quis
501 687 538 748 ad
559 687 636 748 hano
658 694 771 749 veteres
793 687 881 749 ducat
902 686 1097 768 olympiadas:

277 791 361 853 Nunc
384 792 493 852 uostris
515 789 659 851 trahimur
683 791 756 850 vitiis
778 789 922 868 uobisque
944 790 1090 868 perimus,

251 915 264 955 s
362 892 442 963 Ouos
464 900 495 954 tu
518 910 605 972 quam
627 891 745 960 malles,
768 891 841 962 heu,
865 900 914 952 tua
936 892 1014 953 iussa
1035 891 1129 970 sequi.

276 996 362 1057 Verte
384 996 529 1064 animum,
554 994 664 1055 Cesar!
688 1011 747 1055 nou
770 1001 799 1054 te
821 995 980 1073 mitemque
1002 992 1189 1074 bonumque,

361 1096 425 1158 Nou
448 1105 477 1158 te
499 1095 674 1171 clementem
698 1104 831 1176 tempora
854 1102 953 1156 nostra
978 1094 1087 1157 volunt.

215 1283 258 1340 14.
420 1285 469 1334 DE
488 1284 530 1334 SE
549 1284 587 1334 IN
606 1281 804 1334 OBSIDIONE
823 1282 1016 1333 PATAVINA.

266 1404 417 1492 ¹Euroram
440 1422 455 1464 a
479 1404 584 1464 eastris
606 1403 642 1463 ad
666 1401 795 1463 clausam
818 1402 976 1464 Antenoris
998 1400 1119 1471 urbem;

363 1504 508 1567 Continuo
529 1505 646 1566 damma
670 1503 888 1584 missilibusque
909 1511 1011 1585 petor:

280 1609 366 1671 Certe
388 1607 540 1687 equidem,
565 1607 673 1677 fateor,
695 1608 795 1676 timui,
819 1624 874 1666 uec
897 1613 929 1666 ut
950 1613 1018 1667 ante
1040 1604 1191 1669 monebam

253 1730 265 1770 i
365 1710 503 1771 iuvidiam
525 1709 640 1786 lingua,
664 1708 715 1770 sed
738 1707 815 1771 boua
838 1707 926 1769 verba
949 1708 1030 1776 dedi,
1137 1710 1141 1729 '

280 1813 425 1882 ‘Parcite
449 1813 498 1890 qui
520 1811 619 1873 Patavi
641 1829 743 1872 muros
765 1829 923 1890 arcemque
945 1812 1065 1881 tenetis,

366 1913 411 1974 ‘io
435 1933 482 1974 me
505 1911 636 1976 mluifica
661 1915 775 1975 mittere
797 1910 854 1974 tela
876 1905 992 1980 manu;'

281 2016 411 2078 ‘Parcite
434 2035 496 2086 me,
520 2015 636 2085 Veneti,
659 2014 740 2076 terro
764 2014 936 2094 disperdere
958 2022 987 2075 et
1008 2014 1084 2094 igni,

254 2144 266 2178 s
367 2117 483 2179 ‘Nede
506 2125 549 2177 tot
570 2135 688 2196 pessum
711 2116 830 2178 milibus
853 2135 930 2178 unus
951 2136 1032 2179 eam:

282 2220 362 2282 ‘Non
386 2239 420 2281 ea
442 2221 559 2281 fortuna
583 2228 643 2290 est,
667 2226 698 2280 ut
720 2237 799 2281 nuuc
822 2238 877 2298 ego
899 2220 984 2298 vique
1007 2237 1156 2299 manuque

367 2322 507 2383 ‘Horrida
530 2323 669 2383 commoti
691 2320 813 2383 Caesaris
835 2339 917 2383 arma
938 2339 1061 2402 sequar,

283 2425 364 2485 ‘Huc
385 2442 433 2484 me
455 2423 517 2484 sola
541 2423 629 2484 trabit
652 2424 740 2484 rostri
762 2424 916 2485 admiratio
939 2425 1039 2502 regui,

245 2545 268 2586 n
369 2526 513 2587 ‘Noscere
536 2544 586 2588 ros
609 2527 712 2604 cupio,
736 2525 861 2604 perdere
883 2542 942 2585 nou
966 2526 1069 2606 cupio;

282 2627 333 2689 ‘Ut
355 2628 482 2698 rideam,
506 2629 586 2699 veui,
609 2645 668 2688 uon
693 2628 758 2688 veui
781 2634 913 2688 evertere
934 2625 1013 2688 bello

368 2731 470 2792 ‘Altini
492 2730 576 2792 sedes
600 2729 809 2809 Euganeasque
832 2729 945 2791 donios.

284 2833 379 2895 ‘Aiter
402 2833 438 2894 ab
462 2843 560 2894 arctoa
583 2831 665 2892 robis
687 2832 771 2893 iuror
793 2833 926 2893 imminet
947 2830 1035 2912 Aipe,

246 2955 270 2994 ns
370 2937 565 2997 ‘Germanum
587 2934 716 3013 peditem
738 2934 820 2995 ducit
840 2933 945 2995 iberus
967 2951 1073 3012 eques:

284 3037 359 3097 ‘Has
382 3037 458 3097 ruite
481 3037 511 3094 in
535 3037 625 3096 vires:
649 3052 717 3095 unm
740 3053 805 3114 quae
828 3046 889 3097 tum
911 3034 1004 3115 glorie
1027 3041 1110 3113 parta
1133 3042 1178 3096 est

368 3138 414 3199 ‘Si
437 3138 473 3198 de
495 3143 538 3197 tot
559 3155 678 3215 pessum
702 3136 819 3198 milibus
840 3156 917 3198 uirus
939 3136 1031 3198 eami’

284 3240 377 3303 Nolim
399 3240 514 3301 hostem
538 3258 657 3300 morere
679 3258 800 3318 preces:
825 3240 895 3300 mihi
917 3247 1000 3319 terga
1020 3238 1139 3318 relapso

245 3361 270 3401 zo
369 3342 433 3403 lieu
457 3360 545 3421 quam
568 3341 678 3403 difficili
700 3341 875 3403 consuluere
898 3342 981 3420 iuga„
1130 3326 1132 3330 ⁸

200 3471 206 3482 ·
286 3446 337 3508 ‘Ut
360 3463 436 3506 caeso
458 3463 506 3506 me
528 3443 625 3505 nulius
647 3443 743 3504 honor
766 3445 834 3515 tuit,
856 3443 936 3505 haud
959 3444 997 3505 ita
1020 3443 1102 3506 vobis

372 3545 547 3609 ‘Pulchrum
569 3555 614 3608 est
635 3565 683 3608 me
705 3545 825 3607 oiaudos
847 3546 991 3624 eripuisse
1012 3542 1126 3626 podes',

286 3648 443 3719 Dicebam,
467 3655 497 3709 et
517 3650 613 3709 tessus
635 3648 731 3711 media
754 3651 830 3709 inter
852 3646 931 3709 milia
953 3666 1043 3710 cursu

247 3770 272 3810 n
370 3750 464 3811 Tutus
487 3751 514 3810 iu
539 3746 644 3812 eiiossb
667 3749 770 3812 delitui
792 3748 915 3812 tumulo.

130 2683 170 2756 δ

223 3949 267 4008 lb·
296 3957 345 4007 DE
364 3953 595 4006 LEVIVSCVLA
614 3955 767 4017 QVADAM
784 3956 808 4005 A
827 3953 982 4005 VENETIS
1000 3951 1167 4005 AccuPTA

663 4039 794 4090 CLADE.

290 4160 391 4223 Cernis
414 4166 446 4221 ut
468 4159 606 4220 Adriacas
628 4167 765 4220 moveant
786 4178 858 4220 nova
881 4159 986 4238 gaudia
1008 4157 1118 4229 Ranas,
1201 4216 1206 4224 ,

371 4262 402 4322 in
427 4265 584 4322 numerum
607 4260 735 4322 Venetus
758 4268 789 4321 ut
811 4260 951 4339 saliatque
974 4260 1053 4322 Leoi

87 4433 288 4443 u———n

156 4535 195 4586 id.
227 4535 264 4585 os.
278 4536 365 4601 epigr.
382 4533 420 4584 ll.
473 4533 547 4585 ‘CA
561 4533 704 4596 Quoreinr.
719 4535 741 4585 1.
755 4536 816 4592 zan.
831 4548 890 4598 sqq.
942 4530 1093 4583 ⁸millibus
1111 4529 1375 4584 2...1.etaioo.18.

84 4629 111 4673 et
129 4621 219 4673 mittio
235 4636 257 4671 o.
271 4620 314 4673 23.
370 4619 388 4652 ¹⁴
407 4620 443 4670 of.
458 4620 491 4670 do
510 4621 611 4686 piscat.
625 4620 723 4670 Venet.
736 4636 761 4668 v.
775 4619 817 4668 ru.
831 4633 870 4683 sq.
924 4617 944 4650 ¹⁶
964 4617 1095 4668 (romani
1106 4616 1309 4685 Hispouioiqua
1327 4616 1376 4667 mi·

85 4707 151 4758 lites
168 4707 197 4756 in
214 4706 359 4758 obsidione
376 4706 464 4757 iuncti
482 4705 613 4771 agebant.

155 4790 196 4842 lb.
226 4789 234 4824 ¹
254 4791 291 4842 ci.
305 4791 379 4841 iufra
391 4792 514 4841 iicrcnm
526 4789 652 4840 Hntteni.
