3294 5408
464 407 586 445 uvarum
600 410 635 443 DE
650 408 770 444 vanvas
783 406 923 442 nonomen
935 405 1123 441 sxuortro‘rlo.

351 565 407 637 Qui
429 564 516 625 morio
539 564 620 624 dives
642 570 722 630 erat,
746 562 863 623 fortuna
886 568 1005 621 exactus
1027 561 1127 638 iniqua

301 688 326 728 rr
435 668 555 727 Aestuat
577 673 605 725 et
628 682 716 742 parm
740 664 851 724 sonore
875 664 960 723 vertit
980 662 1117 723 humum:

351 768 412 830 Rex
437 776 499 829 erat
522 775 550 828 ot
572 768 667 828 Latias
690 767 783 826 tenuit
804 765 982 842 Tarquinius
1005 763 1109 832 urbes,

435 871 537 931 Paruit
559 870 595 931 ad
618 876 720 929 nutum
745 867 878 927 Dardano
901 867 991 927 Roma
1014 885 1115 934 sunm;

351 973 464 1034 Decidit
486 970 534 1032 iiie
557 979 654 1032 tamen
677 974 887 1046 (oam‘quenta
910 971 1037 1048 potentia
1060 975 1159 1029 nostra
1183 969 1268 1047 ent),

302 1098 326 1137 re
434 1075 559 1143 Decidit,
584 1082 613 1135 et
634 1073 729 1134 missis
751 1071 876 1133 urbibus
898 1069 964 1131 exui
987 1079 1058 1132 erat.

352 1177 419 1236 Haeo
442 1175 543 1237 eadem
567 1175 658 1236 Sicuti
680 1182 883 1235 memorantur
904 1190 995 1251 regna
1018 1174 1147 1253 tyranni,

435 1278 504 1338 Post
525 1295 577 1338 sua
601 1279 650 1356 qui
673 1279 773 1357 pueris
796 1283 910 1354 sceptra
933 1277 1071 1354 magister
1094 1282 1164 1337 erat.

351 1382 387 1442 Ut
409 1389 505 1441 tamen
528 1380 591 1440 haeo
613 1387 763 1447 maneant,
788 1386 816 1440 ei
838 1381 879 1440 sis
902 1380 931 1439 in
954 1387 1087 1458 tempore
1108 1378 1202 1448 fulix,

298 1505 325 1545 ao
372 1494 375 1499 ⁴
433 1483 521 1544 Sistat
543 1485 572 1542 in
595 1483 718 1559 imperio
741 1488 820 1541 terra
843 1482 1009 1560 fretumque
1031 1488 1095 1551 tuo,

348 1585 449 1663 Teque
472 1603 575 1660 ragom
600 1584 692 1662 posita
716 1592 871 1655 veneretur
894 1584 1018 1661 imagine
1042 1582 1157 1661 ruigns,

434 1687 487 1747 tier
509 1685 561 1746 noi
583 1685 732 1747 ineundas
755 1688 834 1764 rogia
857 1703 957 1747 mensa
981 1685 1084 1763 dapes,

348 1789 412 1849 Sint
435 1791 509 1849 vires
533 1787 693 1865 formaeque
717 1786 827 1848 bonnm
850 1787 978 1866 cultique
1001 1794 1135 1865 penates,

294 1910 322 1951 rr
429 1890 520 1969 Inque
544 1897 608 1950 tuos
631 1890 727 1950 veniat
749 1887 872 1968 puleium
897 1887 990 1967 puella
1015 1889 1130 1960 thoros,

348 1994 393 2055 Sis
416 2012 547 2073 qnoque,
571 1991 686 2069 siquid
709 1991 737 2051 iii
761 1999 819 2061 est,
843 1994 963 2070 antiqno
985 1999 1137 2055 stemmate
1160 2000 1258 2055 uatus:

430 2095 501 2164 Quis
523 2093 604 2154 dabit
625 2092 688 2153 hee
711 2095 803 2154 oineri
827 2093 1037 2172 funeribusque
1058 2096 1133 2155 tuis?

346 2198 408 2258 Vidi
431 2216 485 2275 ego
508 2214 680 2272 magnorum
703 2194 839 2274 pallentia
863 2213 987 2274 corpora
1011 2214 1130 2273 regum,

293 2320 319 2360 rs
428 2297 585 2359 torrebant
607 2305 718 2357 tautum
742 2315 830 2376 parra
853 2297 960 2357 feretra
983 2297 1082 2358 (ierus.

345 2400 442 2463 Oubi
466 2408 536 2460 tune
558 2400 669 2459 tumido
692 2399 823 2459 frontosa
847 2399 986 2478 soperbia
1010 2400 1101 2470 fastu,

429 2501 571 2580 Claraquo
594 2499 742 2571 nobilitas
766 2499 973 2580 belligeraeque
986 2503 1117 2562 amanus?

346 2604 401 2675 Oui
423 2604 510 2665 modo
534 2610 576 2662 iot
597 2601 737 2681 populos.
763 2605 813 2680 qui
835 2611 877 2663 tot
899 2604 986 2664 morlo
1009 2614 1128 2665 rexerat
1150 2606 1255 2675 urbes,

291 2730 317 2770 aa
426 2705 573 2767 Proeoirat
595 2706 630 2766 aii
654 2705 760 2765 suniam
784 2713 905 2766 truncus
928 2707 1022 2766 inanis
1044 2707 1176 2768 humum.

343 2809 510 2870 Tabescunt
531 2809 619 2868 etiam
643 2807 731 2884 regali
755 2826 880 2886 corpora
903 2806 989 2869 iuxu:

427 2912 438 2971 1
461 2928 539 2995 npne
562 2917 591 2970 et
613 2908 706 2970 valida
729 2917 853 2971 concute
875 2918 990 2989 sceptra
1013 2929 1117 2979 mamm

343 3014 353 3074 Ι
377 3032 454 3074 nune
477 3020 505 3073 et
528 3013 637 3080 forma,
663 3011 778 3073 fortuna
802 3012 965 3092 opibusque
987 3012 1120 3090 superbi,

290 3136 316 3176 ao
422 3116 513 3193 ioque
536 3114 616 3175 brevi
640 3132 777 3190 magnum
801 3123 934 3193 tempore
956 3133 1064 3175 nomen
1087 3115 1177 3177 habe:

345 3219 447 3279 Nudus
469 3235 501 3277 es
524 3224 552 3277 et
574 3214 701 3294 gelidum
724 3218 847 3294 premis,
871 3216 1028 3286 invidiose,
1052 3213 1260 3297 sepulchrum,

425 3319 506 3380 Nuda
530 3321 602 3397 petit
624 3318 739 3398 Stygios
761 3319 865 3380 iiolriiis
888 3319 993 3380 umbra
1016 3319 1105 3380 iaetus.

342 3423 460 3490 itiseite,
485 3419 636 3491 mortuina,
662 3420 783 3499 trepidae
805 3421 1006 3482 moderamina
1030 3423 1137 3491 Sortis;

288 3546 313 3586 ro
423 3524 640 3601 Intempestivos
662 3530 788 3601 occupat
810 3523 857 3583 iila
881 3542 993 3583 moras:

340 3627 435 3694 muta,
460 3630 647 3703 potestatem,
672 3627 826 3685 temeraria
851 3627 913 3683 iura
937 3625 1082 3706 fidemque

422 3728 558 3805 Spernite
581 3735 610 3788 et
633 3727 736 3787 eisteten
758 3746 867 3787 numen
890 3728 976 3788 inane
999 3728 1070 3788 olere.

339 3827 450 3888 Clarior
473 3828 527 3888 liae
550 3830 664 3897 Virtus,
688 3830 850 3906 refugaque
873 3831 1005 3890 seeurior
1028 3852 1114 3903 aura,

285 3950 310 3991 ti
420 3931 485 4010 ipsa
508 3930 585 3991 locat
607 3930 724 3991 iarmriis
746 3935 866 4010 praemia
889 3951 956 3993 rera
979 3936 1048 3994 sois.

339 4034 413 4092 Sunt
435 4035 483 4112 qui
506 4033 631 4102 divitias,
655 4040 724 4094 sunt
745 4036 795 4112 qni
818 4041 968 4095 sectentur
990 4035 1135 4105 honores,

420 4136 533 4214 Quique
556 4135 643 4195 velint
665 4154 787 4213 magnos
809 4139 924 4216 pascier
946 4146 1013 4197 onte
1038 4139 1141 4201 itureos:

202 4403 222 4437 ¹¹
234 4404 334 4456 Esioot
348 4409 370 4455 1.
389 4406 506 4456 Aestuat
517 4410 591 4457 Μ.
638 4406 658 4438 ¹³
671 4409 754 4474 Terq.
769 4408 913 4474 Superbus.
963 4407 983 4442 ¹⁸
995 4408 1092 4476 Dari]
1106 4417 1131 4459 ut
1143 4428 1213 4476 scr’pe
1226 4429 1268 4477 op.
1281 4415 1358 4478 Ver-9.
1370 4414 1422 4463 llo-

141 4494 187 4535 ·at.
198 4492 259 4540 oiim
272 4491 387 4541 Romani
408 4491 548 4542 ‘Dardano
567 4509 588 4542 a.
602 4494 745 4543 Dardania
763 4498 847 4558 gens'.
903 4494 922 4526 ¹⁷
940 4496 1057 4545 Tirnnni
1071 4500 1092 4547 1.
1106 4499 1131 4545 2.
1151 4497 1300 4561 Dionysius
1314 4499 1348 4548 11.
1366 4516 1420 4560 „ex

141 4579 248 4631 &ranno
267 4575 393 4625 literator
411 4577 529 4626 snotus”.
550 4578 593 4628 (Ὺ.
608 4578 978 4642 ‹liatog.1‘ha1arisn1.§.27.
1030 4580 1052 4612 ²³
1071 4582 1158 4642 vires,
1178 4586 1201 4631 1.
1256 4588 1382 4647 poenates
1396 4588 1419 4633 2.

141 4647 165 4680 ³³
179 4656 200 4706 id
217 4662 286 4709 omre.
300 4663 323 4709 t.
376 4659 398 4691 ²²
417 4661 530 4727 negor.
551 4652 653 4727 Regum
668 4669 692 4713 2.
745 4661 767 4693 ²⁹
786 4662 819 4728 Ο]
839 4665 923 4726 Quid!
944 4668 969 4714 3.
985 4668 1010 4714 ii.
1056 4664 1078 4697 ⁸²
1093 4664 1162 4731 pmis
1176 4671 1199 4717 1.
1253 4668 1419 4730 ,invidiose

141 4736 202 4790 Μ.
252 4742 273 4776 ⁸⁸
293 4742 389 4810 stigioa
410 4750 431 4797 t.
451 4750 600 4813 stygios).
637 4748 658 4779 ⁸⁹
677 4749 757 4798 sortis
777 4752 802 4798 3.
816 4752 840 4797 t.
