3360 5414
426 411 550 448 uvantum
564 411 600 445 DE
613 410 685 445 Alt'l'ss
697 408 935 446 vaustrtcuronta
949 409 1043 444 utana.
1307 376 1378 448 ¹05

259 566 324 630 Non
347 574 461 635 tanren,
484 573 516 626 nt
538 583 627 625 sensu
649 572 769 624 careant
792 566 957 642 irnstraqne
980 563 1129 639 liguratur,

259 668 318 731 Sed
339 674 477 730 moveant
498 668 612 728 animos
634 664 820 746 aliquemque
844 666 977 726 iurantur
999 666 1035 726 ad
1059 685 1155 726 nsum.

258 771 285 832 u
305 769 359 832 Est
379 770 467 831 etiam
490 776 523 830 nt
543 769 661 831 studeas
683 769 776 847 pictas
797 769 923 829 miscere
944 765 1066 829 l'ahellas
1229 763 1381 850 lffitffl‘·

203 891 245 936 aaa
258 870 460 951 historiasque
481 869 584 941 simul,
607 872 632 930 si
654 870 723 950 qnid
746 869 829 931 locus
853 870 942 948 exigit
963 868 1043 930 illud.

259 973 286 1034 u
307 973 406 1053 Saepe,
429 971 480 1033 nbi
495 974 565 1051 qnid
581 974 690 1051 repetis
705 973 735 1031 in
751 972 897 1041 carmine,
921 969 1074 1050 pulchrius
1089 973 1163 1033 erit:
1230 968 1381 1088 ,ffatim

259 1075 331 1137 ‘Ter
347 1083 417 1136 sunt
438 1057 543 1136 conati
559 1079 709 1151 imponere
728 1075 809 1136 Pelio
830 1075 947 1148 Ossam,
1249 1057 1341 1094 '‘¹¹⁶⁸'‘

259 1176 331 1237 ‘Ter
345 1183 438 1253 pater
458 1185 610 1238 extructos
628 1178 743 1237 disiecit
760 1176 891 1250 sutmtne
911 1177 1041 1237 moriter?

260 1278 384 1340 ‘Militat
403 1280 496 1338 omnis
516 1278 644 1357 omme,
659 1286 689 1339 et
707 1279 795 1339 imber
810 1296 866 1339 sun
884 1286 987 1338 eostre
1008 1279 1134 1355 Cupido,
1156 1324 1158 1328 -

202 1400 242 1442 ua
257 1382 375 1452 ‘Adice
395 1383 487 1442 crede
507 1381 594 1450 mitti,
616 1383 724 1440 militat
739 1383 834 1441 ononis
851 1379 977 1440 amaris!

257 1482 367 1543 ‘diuite
386 1500 479 1559 super
498 1484 620 1543 hiemo
639 1486 787 1557 ropituns,
810 1499 901 1557 supter
922 1482 1049 1542 Hectore
1065 1484 1178 1545 mutto!

259 1584 359 1645 ‘Itium
379 1592 409 1645 et
428 1585 573 1646 ludentem
598 1585 706 1660 Teucri
724 1591 754 1645 et
772 1588 867 1644 risere
885 1584 1057 1645 normalem!

260 1685 321 1747 ‘Me
340 1703 402 1755 me,
424 1687 532 1747 adsum
552 1689 605 1762 qui
621 1686 699 1760 seri,
720 1689 751 1746 in
769 1704 815 1747 me
837 1689 995 1747 convertite
1014 1688 1156 1760 semum?

258 1788 392 1865 ‘Pauper
409 1795 489 1850 ornet
506 1795 606 1855 caute,
628 1791 731 1848 timent
749 1788 927 1848 nmledieere
945 1789 1085 1865 pauper?

204 1904 244 1949 an
258 1885 403 1968 Quodque
424 1888 506 1951 llam
528 1890 601 1951 dixit
623 1892 765 1966 ‘sequitur
782 1890 1006 1966 pidclterrimus
1027 1893 1133 1961 Astur,

259 1992 362 2051 ‘Astur
379 2009 454 2068 equo
469 1991 586 2066 fidens’,
610 1998 641 2053 et
662 1992 691 2051 in
714 1992 852 2052 adiectire
877 2000 1052 2070 resurgens:

260 2092 518 2164 ‘Marcomanos
539 2095 666 2168 Pelinna
687 2094 807 2163 roliers,
824 2094 953 2168 festino,
976 2097 1072 2154 uirum
1094 2094 1155 2156 ois.¹

258 2193 296 2254 lit
315 2194 342 2253 si
363 2193 433 2273 qnid
455 2193 550 2255 simile
572 2196 621 2264 lie,
645 2193 723 2255 relnt
745 2197 1023 2270 est.‘1ltlnumrsque
1048 2197 1220 2274 Thoasque!

258 2295 284 2356 (l
306 2295 405 2373 Usque
427 2296 501 2356 aileu
523 2298 619 2358 sensis
640 2296 763 2357 similem
787 2297 872 2356 decet
894 2315 959 2357 esse
981 2295 1145 2376 loquelam,
1213 2297 1378 2388 lffiffi‘gj

203 2415 242 2458 aas
255 2396 294 2458 ut
314 2398 340 2457 si
360 2398 429 2477 quid
453 2398 561 2459 durum
583 2406 644 2468 est,
668 2400 742 2459 duro
764 2399 905 2476 procedat
928 2397 1024 2469 hiatu,

257 2496 390 2560 Concitet
411 2506 442 2561 et
462 2506 578 2577 gestum
599 2518 713 2562 sermo:
737 2499 808 2580 quid
829 2499 982 2578 pulchrius
1003 2499 1052 2561 illo

259 2600 436 2662 ‘Monstrum
449 2604 642 2673 horrendum,
657 2602 795 2676 informe,
813 2606 925 2676 irruens,
941 2605 992 2663 oni
1004 2606 1101 2665 tarmen
1116 2605 1319 2682 ademptum'?

261 2701 420 2792 Pulchrum
444 2711 489 2764 est
511 2713 733 2780 rurensium,
757 2707 806 2765 itte
829 2704 976 2764 Pittacum
999 2714 1088 2780 etque
1109 2710 1159 2768 itte
1173 2709 1336 2770 Sabinum!

258 2804 285 2863 ί
306 2804 425 2867 Transit
446 2812 476 2867 et
497 2808 526 2867 in
549 2824 669 2867 carmen
691 2805 803 2867 celebri
824 2805 990 2866 Translatio
1013 2806 1108 2867 cnltn:
1245 2807 1379 2891 lampeon.

203 2925 244 2968 nn
257 2904 338 2968 Belle
360 2907 496 2986 equidem
519 2907 629 2968 dictum
653 2910 808 2982 ‘classique
832 2910 959 2968 immittit
978 2909 1135 2978 tirrhenos,'

259 2994 395 3085 ‘Nemeto
416 3013 513 3070 saitem
534 3009 638 3079 mure,'
661 3009 788 3083 ‘ferritm
806 3017 963 3086 orrrtdtque
983 3010 1113 3072 ueneno.’

260 3112 322 3172 Stat
344 3128 399 3189 pro
422 3117 561 3172 contento
583 3112 729 3183 retinens,
753 3119 786 3172 ut
808 3115 887 3171 ‘uina
911 3110 1080 3182 coronant,·

258 3213 316 3273 Per
346 3214 488 3274 Venerem
509 3211 611 3283 luxus,
634 3231 688 3293 per
709 3213 865 3275 Bocchum
886 3211 1016 3290 intellige
1040 3214 1153 3284 vinum,

257 3313 315 3375 Per
338 3315 474 3376 Cererem
496 3316 611 3394 trugas,
634 3317 874 3394 inventorumque
896 3333 1017 3377 snarnm

150 3482 187 3517 Μ
204 3490 335 3535 moneant
352 3488 393 3534 17.
463 3484 569 3534 ferente
588 3488 613 3534 i.
682 3482 716 3516 ³⁷⁹
738 3484 873 3542 Fabellas
897 3485 983 3535 etiam
1006 3487 1097 3551 pietas
1120 3488 1237 3539 miseere
1260 3490 1379 3555 iuvabit,

104 3573 123 3620 t.
177 3568 482 3633 ⁸⁸¹’Historiaqpitit
540 3570 639 3633 (puisi.
696 3567 783 3635 loeus]
800 3574 893 3620 temen
905 3575 930 3621 2.
985 3568 1017 3602 ³⁸¹
1031 3576 1141 3637 repetes
1155 3576 1195 3623 te.
1249 3552 1283 3606 ’ἃ
1298 3576 1377 3641 Vero.

104 3669 179 3720 θοις.
192 3654 217 3705 1.
229 3651 290 3704 281.
303 3658 332 3704 et
349 3651 409 3705 283.
457 3654 547 3705 Ossan
566 3657 639 3704 atu.
688 3650 722 3686 ⁸⁶⁴
741 3653 812 3704 Ouid.
827 3671 911 3705 arnor.
925 3657 947 3705 Ι.
961 3671 998 3717 ix,
1017 3656 1070 3706 ta.
1113 3656 1158 3708 Sie
1173 3658 1379 3724 frequentissime

104 3740 179 3791 dtur
194 3742 223 3790 in
236 3739 413 3791 Amanium.
460 3737 493 3771 ³³⁸
509 3740 588 3803 Verp.
601 3738 668 3789 Aen.
682 3740 705 3789 Ι.
719 3738 778 3789 750.
824 3736 858 3771 ³⁵⁷
876 3740 942 3789 ibid.
955 3741 988 3790 V.
1004 3739 1060 3790 181.
1113 3740 1269 3810 natantem]
1284 3744 1379 3794 Latini

104 3860 107 3873 .
160 3819 196 3857 ⁸⁰⁸
217 3822 513 3890 Verp.Aen.IX.l‘25.
573 3823 639 3873 ioeci
652 3827 677 3874 2.
731 3822 764 3857 ³⁸⁹
784 3822 1035 3875 Ovid.ert.nm.11.
1052 3823 1108 3877 tut.
1160 3825 1194 3859 ⁸⁹⁰
1215 3829 1378 3894 Vermina.

104 3942 119 3959 a
129 3905 188 3958 180.
198 3923 239 3973 sq.
286 3906 319 3940 ²⁹¹
331 3906 425 3973 pelina
438 3911 463 3958 4.
511 3908 617 3958 Ennius
630 3907 729 3959 Annal,
744 3925 788 3974 ap.
801 3909 904 3960 Donat.
917 3910 968 3960 III.
983 3910 1009 3960 5.
1023 3917 1050 3960 et
1063 3910 1171 3964 Charis.
1184 3914 1251 3964 inst.
1265 3929 1378 3981 gramm.

104 3992 132 4043 V.
144 3991 206 4043 aut.
219 3990 275 4056 (ubi
291 3995 343 4043 ulia
360 4008 458 4058 quoque
477 3993 509 4041 ab
530 3994 643 4044 liutteno
661 3999 773 4058 repetita
791 3996 909 4058 exempta
927 3995 1065 4061 tenuntur.)
1100 3998 1154 4047 Pro
1177 3998 1291 4064 festina,
1311 4015 1337 4050 v.
1351 4015 1377 4051 v.

104 4075 205 4127 boum
215 4076 334 4128 Vestina
351 4093 377 4130 v.
390 4092 416 4128 v.
434 4079 565 4143 tependmn
582 4094 639 4129 esee
655 4088 715 4144 post
727 4080 837 4130 Iiouaom
855 4079 969 4129 derideri
979 4096 1028 4131 non
1037 4088 1132 4146 potest.
1179 4080 1213 4114 ⁸⁹⁸
1230 4081 1275 4149 iis]
1297 4084 1340 4135 liis
1352 4089 1378 4135 2.

104 4160 167 4229 l'erp.
179 4162 248 4214 Aea.
262 4161 300 4211 11.
312 4160 371 4212 ⁶262.
385 4160 454 4229 (sqq.
469 4165 527 4213 item
544 4180 586 4228 op.
602 4165 699 4214 Choria.
714 4169 731 4214 i.
744 4163 781 4229 e.)
795 4201 834 4225 „..
847 4165 1020 4229 Acamasque
1040 4164 1107 4231 [oiim
1119 4170 1166 4232 lep.
1180 4166 1379 4233 Athamasque]

104 4243 232 4313 lineaque
247 4244 252 4310 Ι
267 4246 433 4313 Pelidesque
444 4248 640 4314 Neoptolemus
658 4250 814 4315 primusque
826 4250 964 4299 lincheon
982 4250 1174 4301 stheneleus
1186 4256 1214 4300 et
1260 4252 1379 4318 Epeos''.

104 4324 264 4383 “tamt
318 4330 351 4363 ⁸⁸⁸
370 4332 581 4391 Continetini.
630 4333 663 4365 ³⁹²
680 4337 759 4400 Verp.
773 4335 840 4385 Aen.
855 4335 906 4384 111.
920 4333 978 4384 658.
1027 4335 1128 4400 adeptis
1141 4340 1183 4385 est
1195 4338 1219 4385 2.
1266 4334 1380 4399 ³⁰⁸curu

104 4413 121 4459 l·
143 4429 204 4466 mre
221 4413 317 4483 pet.]t
385 4417 505 4468 Tuscum
524 4422 549 4468 2.
612 4417 647 4451 ⁴⁰⁰
668 4420 747 4484 Verp.
761 4420 830 4469 Aen.
844 4419 891 4471 VI.
906 4418 929 4470 1.
993 4406 1026 4452 ‘⁰⁸¹'
1046 4421 1164 4485 „Longa
1182 4418 1273 4470 sulcat
1291 4422 1379 4471 maria

104 4492 147 4550 tlte
156 4503 278 4552 earina''.
301 4503 381 4567 Verp.
394 4502 462 4552 Aen.
476 4505 509 4553 Χ.
526 4502 581 4554 197.
629 4505 785 4569 ferrumque
799 4520 906 4555 armare
917 4502 991 4569 reu]
1006 4505 1066 4553 ibid.
1080 4505 1128 4553 lx.
1142 4502 1200 4554 770.
1248 4501 1282 4535 ⁴⁰²
1298 4504 1377 4571 Ver-p.

104 4575 260 4637 imitat.
274 4587 348 4652 apud
359 4588 462 4639 Donat.
475 4590 524 4638 ΙΙΙ.
537 4588 562 4640 (t.
610 4594 765 4639 corronnnt.
781 4594 820 4640 te.
867 4588 901 4621 ⁴⁰³
919 4586 1008 4654 luxus]
1030 4588 1148 4653 lupnsi.
1201 4588 1325 4639 Bachum
1339 4593 1379 4641 19.

104 4654 177 4793 galil
193 4671 393 4723 Terentianum
413 4674 487 4724 ‘Sine
506 4673 606 4725 Cerere
626 4680 654 4724 et
673 4675 774 4725 Libero
794 4675 880 4740 friget
898 4676 998 4724 Venus·
1017 4675 1143 4723 Donatus
1161 4674 1212 4724 111.
1226 4672 1250 4724 6.
1271 4672 1378 4725 Charis.

133 4751 170 4804 ὦ.
