3294 5408
484 401 606 436 uvarum
620 401 649 434 IN
663 373 775 434 uossros
790 400 977 442 Qvuuuaanvu
991 401 1074 434 LIBER
1090 401 1200 437 Paruvs.

694 643 842 715 [Elepio
872 643 975 715 llll.)

604 761 653 811 AD
672 759 882 831 IQACHIMVM
901 761 1068 811 NIGEMAN

584 865 806 908 oonnrumrvu
821 866 1092 932 aosroourausau.

392 985 435 1045 Tu
458 1001 592 1062 quoque,
616 984 766 1043 Pomerias
788 982 914 1043 celebris
935 982 1082 1043 loaebime
1107 1001 1159 1062 per
1182 1003 1264 1054 oras,

476 1085 511 1146 El
533 1083 616 1146 titulo
639 1093 668 1144 et
689 1103 787 1145 rerum
811 1085 941 1162 poruiero
964 1102 1070 1145 nomeu
1094 1086 1220 1155 babens,

392 1190 519 1250 blusious
542 1188 685 1248 llmtenus
709 1187 855 1247 fortunam
878 1194 1016 1266 expertus
1037 1190 1166 1267 iniquam

355 1316 367 1352 a
477 1291 512 1351 El
534 1290 609 1350 male
632 1287 748 1350 sublimi
771 1295 869 1350 trusus
890 1291 927 1351 ael
950 1292 1007 1351 ima
1029 1289 1110 1359 loco,

390 1393 508 1462 Nudus,
532 1411 636 1471 egens,
661 1411 765 1471 expes,
789 1393 938 1461 desertus,
963 1392 1094 1452 febribus
1117 1401 1199 1455 ustus

391 1517 394 1523 ·
476 1489 611 1572 Conlu'glt
633 1501 700 1556 aute
722 1493 837 1564 oculos,
861 1494 957 1555 littora
981 1496 1054 1562 visa,
1080 1502 1160 1556 tuos:

391 1600 439 1660 Sic
461 1597 566 1676 aliquis
588 1598 677 1674 longo
700 1596 823 1658 lassatus
845 1599 939 1657 navita
963 1604 1068 1676 ponto,

353 1723 365 1759 a
474 1700 558 1772 Quod
580 1701 652 1759 vidit
674 1700 768 1777 primo
791 1697 916 1768 lumine,
941 1698 1022 1762 littus
1044 1701 1117 1760 adit:

361 1801 368 1817 “
391 1803 433 1864 Te
455 1803 525 1863 mibi
547 1804 696 1881 praecipue
719 1820 824 1880 magno
848 1802 920 1861 rude
944 1801 1046 1880 vulgus
1068 1803 1182 1865 honore

474 1904 597 1975 Extulit,
622 1910 651 1965 et
674 1905 757 1964 samm
780 1911 823 1963 est
846 1907 928 1982 eopia
953 1903 1075 1983 pulc-bra
1099 1913 1163 1975 tua,

392 2009 485 2088 Atque
508 2006 611 2086 aliquis
634 2007 703 2067 dicit
727 2006 828 2066 ‘Preee
851 2007 877 2066 si
897 2005 1058 2084 pulsaveris
1081 2009 1184 2078 istum,

340 2135 363 2173 n
471 2110 573 2171 ‘oliuu
596 2129 682 2188 opem
706 2109 778 2169 volis
800 2107 997 2195 auxiliumque
1019 2110 1111 2170 leret'.

391 2213 454 2275 Non
479 2222 590 2274 temere
613 2211 726 2283 scribo,
750 2213 815 2272 uuis
837 2230 996 2290 persuasus
1020 2213 1136 2281 amieis:

477 2315 536 2376 Neo
559 2321 655 2375 movet
677 2315 825 2391 ingenium
850 2333 935 2375 eausa
958 2315 1073 2376 sinistro
1097 2337 1210 2379 meum:

390 2419 486 2479 lurida
509 2424 668 2496 paupertas
690 2424 776 2495 atque
800 2416 861 2476 baro
885 2417 1018 2477 violentia
1042 2417 1137 2478 morbi

342 2543 364 2583 ro
471 2521 575 2582 Nonne
599 2521 674 2579 viros
697 2526 816 2597 possunt
839 2518 995 2581 sollicitare
1018 2521 1149 2597 graveis‘l

390 2622 520 2702 Tempus
543 2629 604 2682 erut
627 2640 685 2700 quo
708 2640 754 2681 nie
778 2619 950 2682 elementior
973 2641 1044 2683 aum
1068 2622 1199 2691 fovebat,

475 2723 540 2794 Ouo
564 2725 643 2784 carui
668 2722 771 2783 morbo
794 2726 994 2804 pauperioque
1017 2743 1098 2786 mea:

390 2828 473 2888 Tunc
496 2827 568 2887 alios
591 2827 676 2888 etiam
701 2828 810 2904 privata
833 2836 913 2887 sorte
936 2827 1086 2897 lavabam,

338 2953 363 2991 ro
473 2929 509 2989 El
531 2928 602 2990 uulli
626 2935 757 2990 nostrum
782 2929 874 2990 deluit
897 2929 1050 2990 arixilium:

390 3033 460 3104 Oua·
483 3032 537 3096 luit
559 3033 588 3091 in
612 3031 696 3092 nobis
718 3034 810 3110 pietas
833 3033 871 3092 ila
894 3034 1021 3112 praestita
1045 3031 1156 3100 mullis,

473 3135 541 3196 llaec
565 3141 678 3194 moreat
701 3133 851 3204 vultusso
873 3135 1035 3203 lonchime,
1059 3141 1139 3205 tuos,

390 3240 494 3318 Sisque
518 3237 587 3297 mibi
610 3236 701 3297 facilis
723 3236 861 3315 precibus
884 3255 1042 3316 persuasus
1063 3237 1210 3299 honestis:

338 3364 362 3404 n
475 3339 597 3401 Dextera
621 3339 675 3402 sub
699 3342 799 3418 quovis
822 3341 918 3399 iudice
941 3358 1028 3400 eausa
1050 3357 1114 3400 mea
1139 3347 1198 3399 est:

389 3444 453 3504 Non
477 3443 565 3512 mibi,
589 3444 671 3521 siqua
694 3442 763 3510 fuit,
788 3441 915 3503 luilemlo
938 3441 1052 3521 perdita
1076 3460 1124 3502 res
1147 3450 1204 3513 est,

473 3546 545 3605 Cum
568 3544 701 3605 forstall
726 3545 847 3624 cupidas
869 3543 931 3603 alea
953 3544 1027 3604 iacta
1050 3563 1167 3612 manum

254 3820 296 3870 Ad
314 3820 386 3869 huno
404 3819 606 3883 Nigemannum
625 3833 680 3867 non
698 3817 752 3867 nisi
771 3834 805 3868 ex
823 3818 875 3866 boo
893 3816 1075 3878 Querelarum
1099 3817 1169 3869 libro
1192 3819 1272 3869 nobis
1296 3824 1390 3869 notum
1407 3820 1466 3870 liul-

186 3910 266 3954 tenus
290 3905 374 3954 etiam
397 3903 581 3953 tetrastichon
605 3918 703 3953 nonum
727 3904 851 3969 scripsit,
877 3903 946 3967 quod
970 3902 1093 3952 dedimus
1112 3902 1165 3953 vol.
1179 3904 1201 3952 1.
1215 3920 1240 3968 p.
1257 3904 1296 3955 12.
1366 3905 1466 3970 balal.

187 3988 194 4022 ¹
214 3988 266 4056 Tu]
284 3991 385 4039 Littera
397 3989 419 4037 Τ
432 3989 563 4046 minianen
574 3989 737 4052 adpiapeado
749 3991 840 4038 relicta
852 3994 889 4037 ert
903 3990 927 4036 in
942 3992 963 4038 1.
1012 3987 1022 4018 ³
1040 3986 1170 4053 blusious]
1191 3988 1232 4037 Do
1246 3994 1331 4054 poeta
1343 3994 1468 4056 usurpant

189 4077 272 4124 etiam
291 4080 400 4124 veteres
419 4075 529 4138 saepius.
583 4071 708 4138 ⁵exspos
722 4079 746 4123 2.
760 4091 816 4140 sqq.
870 4074 982 4126 “littttu
998 4077 1054 4123 1.3.
1069 4072 1172 4131 littora,
1192 4081 1217 4122 ut
1236 4079 1403 4126 uet.maa.ia
1420 4092 1468 4133 suo,

188 4177 252 4209 auae
263 4175 317 4210 meo
330 4163 447 4224 exemplo
460 4162 587 4219 eom-exit,
600 4161 704 4222 scripsit
717 4162 742 4207 2.
756 4167 780 4207 et
793 4162 930 4220 (renotavit,
946 4166 1035 4224 aperte
1048 4159 1143 4216 littora
1156 4159 1236 4208 scribi
1246 4157 1349 4218 debere,
1364 4168 1389 4211 et
1402 4164 1470 4212 vertit

188 4245 310 4309 ‚Zullucbl
322 4245 393 4293 arerbl
405 4260 435 4294 er
447 4244 494 4307 bey
507 4245 557 4306 dir,
576 4245 625 4302 dir,
645 4246 699 4292 deta
712 4244 850 4293 erbliekteu
871 4247 973 4295 Gestad'
992 4243 1083 4310 (quasi
1096 4261 1147 4309 per
1164 4247 1245 4294 muria
1263 4249 1374 4294 iactatus
1387 4245 1469 4305 Laud,

187 4330 277 4379 Laud!
296 4327 477 4394 exclamaretl.
516 4330 577 4393 Ipse
596 4346 701 4396 quoque,
716 4337 825 4395 propter
837 4349 858 4380 o.
873 4333 896 4380 S.
916 4337 1024 4379 ueterem
1041 4332 1107 4379 illum
1120 4347 1215 4379 areanum
1227 4346 1329 4396 sepnor,
1350 4349 1404 4381 cerm
1417 4331 1472 4381 mili

184 4419 355 4479 perucuaerim
375 4433 429 4465 eam
441 4416 477 4465 ud
487 4419 627 4479 exeaaplma
639 4416 739 4480 abipso
754 4418 868 4466 llulteuo
887 4417 1053 4472 abrandarum,
1072 4423 1097 4463 ut
1116 4423 1154 4463 est
1169 4416 1331 4464 Leindiaense
1349 4420 1374 4465 iu
1393 4431 1471 4466 musto

187 4500 339 4550 Britannico
356 4508 494 4557 servotum,
513 4502 603 4550 menda
620 4503 807 4566 tppoprapbr'ro
824 4506 966 4555 sicaluilrse.
986 4503 1095 4566 quamvls
1114 4500 1240 4550 allobm‘l’ii
1256 4517 1334 4550 error
1351 4510 1420 4565 earet
1437 4517 1471 4552 ue·

186 4590 264 4634 terem
282 4589 349 4635 illum
366 4589 445 4650 ipsius
464 4588 571 4636 Hulleui
587 4605 682 4637 enatarem
700 4604 764 4649 esse,
785 4605 841 4653 qua·
859 4591 963 4637 alieuius
981 4589 1083 4636 lectoris
1101 4593 1152 4648 est,
1177 4589 1363 4650 praeceptoria,
1383 4595 1409 4636 a!
1426 4595 1471 4636 tura

184 4669 327 4732 serviebant,
345 4674 445 4735 plosores
463 4674 616 4721 orlaotaatis.
669 4672 803 4735 ⁹p2ttlput
823 4675 845 4720 1.
901 4671 920 4703 ¹⁵
939 4677 976 4736 brt
996 4675 1017 4719 1.
1084 4670 1103 4702 ¹⁵
1122 4673 1190 4722 tarni
1206 4675 1227 4719 1.
1246 4673 1294 4720 recl
1311 4673 1469 4732 tatui'lluit.

187 4755 797 4821 exemplohoarl.eluetraaauaadaoripaerrml.
847 4755 865 4787 ²¹
881 4754 975 4808 01121.
1014 4757 1111 4818 patitita
1124 4758 1145 4804 1.
1182 4753 1204 4785 ²²
1216 4756 1261 4819 fiat
1272 4759 1297 4823 1.Δ
1331 4755 1353 4787 ²¹
1366 4757 1438 4820 rausa
1449 4759 1468 4804 1.
