<?xml version="1.0" encoding="UTF-8"?>
<!DOCTYPE html PUBLIC "-//W3C//DTD XHTML 1.0 Transitional//EN"
    "http://www.w3.org/TR/xhtml1/DTD/xhtml1-transitional.dtd">
<html xmlns="http://www.w3.org/1999/xhtml" xml:lang="en" lang="en">
 <head>
  <title>
</title>
<meta http-equiv="Content-Type" content="text/html;charset=utf-8" />
  <meta name='ocr-system' content='tesseract 3.04.00' />
  <meta name='ocr-capabilities' content='ocr_page ocr_carea ocr_par ocr_line ocrx_word'/>
</head>
<body>
  <div class='ocr_page' id='page_1' title='image "./ulrichihuttenie04huttgoog_0601.png"; bbox 0 0 3294 5408; ppageno 0'>
   <div class='ocr_carea' id='block_1_1' title="bbox 168 365 1401 438">
    <p class='ocr_par' dir='ltr' id='par_1_1' title="bbox 168 365 1401 438">
     <span class='ocr_line' id='line_1_1' title="bbox 168 365 1401 438; baseline -0.018 -5"><span class='ocrx_word' id='word_1_1' title='bbox 168 365 241 438; x_wconf 79' lang='lat'><strong><em>550</em></strong></span> <span class='ocrx_word' id='word_1_2' title='bbox 268 378 447 430; x_wconf 83' lang='lat' dir='ltr'>ADDENDA</span> <span class='ocrx_word' id='word_1_3' title='bbox 458 375 507 426; x_wconf 77' lang='lat' dir='ltr'><strong><em>AD</em></strong></span> <span class='ocrx_word' id='word_1_4' title='bbox 520 373 603 425; x_wconf 84' lang='lat' dir='ltr'>VOL.</span> <span class='ocrx_word' id='word_1_5' title='bbox 614 373 652 423; x_wconf 86' lang='lat'><strong><em>11.</em></strong></span> <span class='ocrx_word' id='word_1_6' title='bbox 670 366 852 423; x_wconf 57' lang='lat' dir='ltr'><strong><em>cccxxmr&#39;fi</em></strong></span> <span class='ocrx_word' id='word_1_7' title='bbox 866 381 998 418; x_wconf 74' lang='lat' dir='ltr'><strong><em>sscnsrn</em></strong></span> <span class='ocrx_word' id='word_1_8' title='bbox 1012 378 1157 416; x_wconf 71' lang='lat' dir='ltr'><strong><em>assam</em></strong></span> <span class='ocrx_word' id='word_1_9' title='bbox 1174 373 1401 411; x_wconf 70' lang='lat' dir='ltr'><strong><em>rassararcrs.</em></strong></span> 
     </span>
    </p>
   </div>
   <div class='ocr_carea' id='block_1_2' title="bbox 164 529 1486 785">
    <p class='ocr_par' dir='ltr' id='par_1_2' title="bbox 164 529 1486 785">
     <span class='ocr_line' id='line_1_2' title="bbox 164 529 1486 614; baseline -0.021 -8"><span class='ocrx_word' id='word_1_10' title='bbox 164 560 212 606; x_wconf 80' lang='lat' dir='ltr'><strong><em>ern</em></strong></span> <span class='ocrx_word' id='word_1_11' title='bbox 231 549 345 614; x_wconf 75' lang='lat' dir='ltr'><strong><em>trieben,</em></strong></span> <span class='ocrx_word' id='word_1_12' title='bbox 368 547 420 612; x_wconf 74' lang='lat' dir='ltr'><strong><em>otto</em></strong></span> <span class='ocrx_word' id='word_1_13' title='bbox 438 546 563 611; x_wconf 62' lang='lat' dir='ltr'><strong><em>traiciens</em></strong></span> <span class='ocrx_word' id='word_1_14' title='bbox 580 544 619 596; x_wconf 78' lang='lat' dir='ltr'><strong><em>eir</em></strong></span> <span class='ocrx_word' id='word_1_15' title='bbox 636 555 686 595; x_wconf 83' lang='lat' dir='ltr'><strong><em>nnn</em></strong></span> <span class='ocrx_word' id='word_1_16' title='bbox 704 536 836 603; x_wconf 67' lang='lat' dir='ltr'><strong><em>tirreni</em></strong></span> <span class='ocrx_word' id='word_1_17' title='bbox 855 537 901 591; x_wconf 81' lang='lat' dir='ltr'><strong><em>nir</em></strong></span> <span class='ocrx_word' id='word_1_18' title='bbox 919 543 969 590; x_wconf 77' lang='lat' dir='ltr'><strong><em>nae</em></strong></span> <span class='ocrx_word' id='word_1_19' title='bbox 988 535 1014 600; x_wconf 72' lang='lat' dir='ltr'><strong><em>tc</em></strong></span> <span class='ocrx_word' id='word_1_20' title='bbox 1035 529 1137 588; x_wconf 67' lang='lat' dir='ltr'><strong><em>meten</em></strong></span> <span class='ocrx_word' id='word_1_21' title='bbox 1166 532 1224 584; x_wconf 80' lang='lat' dir='ltr'><strong><em>mir</em></strong></span> <span class='ocrx_word' id='word_1_22' title='bbox 1242 536 1297 583; x_wconf 70' lang='lat' dir='ltr'><strong><em>erc</em></strong></span> <span class='ocrx_word' id='word_1_23' title='bbox 1316 529 1486 594; x_wconf 59' lang='lat' dir='ltr'><strong><em>tiammo</em></strong></span> 
     </span>
     <span class='ocr_line' id='line_1_3' title="bbox 168 615 1486 700; baseline -0.017 -11"><span class='ocrx_word' id='word_1_24' title='bbox 168 635 242 700; x_wconf 70' lang='lat' dir='ltr'><strong><em>elcut</em></strong></span> <span class='ocrx_word' id='word_1_25' title='bbox 260 635 317 688; x_wconf 80' lang='lat' dir='ltr'><strong><em>eber</em></strong></span> <span class='ocrx_word' id='word_1_26' title='bbox 331 640 376 687; x_wconf 78' lang='lat' dir='ltr'><strong><em>scs</em></strong></span> <span class='ocrx_word' id='word_1_27' title='bbox 392 638 434 684; x_wconf 77' lang='lat' dir='ltr'><strong><em>err</em></strong></span> <span class='ocrx_word' id='word_1_28' title='bbox 451 628 522 694; x_wconf 64' lang='lat' dir='ltr'><strong><em>Dect</em></strong></span> <span class='ocrx_word' id='word_1_29' title='bbox 537 636 590 681; x_wconf 77' lang='lat' dir='ltr'><strong><em>eros</em></strong></span> <span class='ocrx_word' id='word_1_30' title='bbox 608 627 685 691; x_wconf 73' lang='lat' dir='ltr'><strong><em>tired)</em></strong></span> <span class='ocrx_word' id='word_1_31' title='bbox 703 627 779 690; x_wconf 60' lang='lat' dir='ltr'><strong><em>ciete</em></strong></span> <span class='ocrx_word' id='word_1_32' title='bbox 795 625 869 687; x_wconf 71' lang='lat' dir='ltr'><strong><em>ertit</em></strong></span> <span class='ocrx_word' id='word_1_33' title='bbox 887 618 971 686; x_wconf 68' lang='lat' dir='ltr'><strong><em>silon</em></strong></span> <span class='ocrx_word' id='word_1_34' title='bbox 989 621 1047 685; x_wconf 74' lang='lat' dir='ltr'><strong><em>[ro.</em></strong></span> <span class='ocrx_word' id='word_1_35' title='bbox 1075 626 1132 672; x_wconf 75' lang='lat' dir='ltr'><strong><em>nne</em></strong></span> <span class='ocrx_word' id='word_1_36' title='bbox 1156 630 1246 670; x_wconf 78' lang='lat' dir='ltr'><strong><em>mena</em></strong></span> <span class='ocrx_word' id='word_1_37' title='bbox 1265 629 1311 669; x_wconf 86' lang='lat' dir='ltr'><strong><em>m</em></strong></span> <span class='ocrx_word' id='word_1_38' title='bbox 1333 615 1362 668; x_wconf 80' lang='lat' dir='ltr'><strong><em>ir</em></strong></span> <span class='ocrx_word' id='word_1_39' title='bbox 1380 626 1421 668; x_wconf 79' lang='lat' dir='ltr'><strong><em>ass</em></strong></span> <span class='ocrx_word' id='word_1_40' title='bbox 1437 615 1486 667; x_wconf 78' lang='lat' dir='ltr'><strong><em>sic</em></strong></span> 
     </span>
     <span class='ocr_line' id='line_1_4' title="bbox 169 706 1358 785; baseline -0.018 -12"><span class='ocrx_word' id='word_1_41' title='bbox 169 720 315 785; x_wconf 69' lang='lat' dir='ltr'><strong><em>heineccii</em></strong></span> <span class='ocrx_word' id='word_1_42' title='bbox 334 716 573 781; x_wconf 66' lang='lat' dir='ltr'><strong><em>cirsterciensis</em></strong></span> <span class='ocrx_word' id='word_1_43' title='bbox 592 718 652 778; x_wconf 65' lang='lat' dir='ltr'><strong><em>tucn</em></strong></span> <span class='ocrx_word' id='word_1_44' title='bbox 671 716 778 764; x_wconf 77' lang='lat' dir='ltr'><strong><em>censes</em></strong></span> <span class='ocrx_word' id='word_1_45' title='bbox 796 708 902 773; x_wconf 61' lang='lat' dir='ltr'><strong><em>inertie</em></strong></span> <span class='ocrx_word' id='word_1_46' title='bbox 922 706 1029 770; x_wconf 66' lang='lat' dir='ltr'><strong><em>guttere</em></strong></span> <span class='ocrx_word' id='word_1_47' title='bbox 1051 717 1159 769; x_wconf 64' lang='lat' dir='ltr'><strong><em>neren.</em></strong></span> <span class='ocrx_word' id='word_1_48' title='bbox 1178 743 1185 754; x_wconf 95' lang='lat'><em>.</em></span> <span class='ocrx_word' id='word_1_49' title='bbox 1204 742 1212 754; x_wconf 93' lang='lat'>.</span> <span class='ocrx_word' id='word_1_50' title='bbox 1229 742 1236 754; x_wconf 94' lang='lat'><strong><em>.</em></strong></span> <span class='ocrx_word' id='word_1_51' title='bbox 1254 740 1262 754; x_wconf 91' lang='lat'><strong>.</strong></span> <span class='ocrx_word' id='word_1_52' title='bbox 1278 741 1285 754; x_wconf 90' lang='lat'><strong>.</strong></span> <span class='ocrx_word' id='word_1_53' title='bbox 1303 741 1311 753; x_wconf 88' lang='lat'><strong>.</strong></span> <span class='ocrx_word' id='word_1_54' title='bbox 1328 741 1335 753; x_wconf 94' lang='lat'><strong>.</strong></span> <span class='ocrx_word' id='word_1_55' title='bbox 1351 739 1358 753; x_wconf 94' lang='lat'><strong>.</strong></span> 
     </span>
    </p>
   </div>
   <div class='ocr_carea' id='block_1_3' title="bbox 172 994 983 1089">
    <p class='ocr_par' dir='ltr' id='par_1_3' title="bbox 172 994 983 1089">
     <span class='ocr_line' id='line_1_5' title="bbox 172 994 983 1089; baseline -0.01 -14"><span class='ocrx_word' id='word_1_56' title='bbox 172 1025 218 1075; x_wconf 79' lang='lat' dir='ltr'><strong><em>Ao</em></strong></span> <span class='ocrx_word' id='word_1_57' title='bbox 234 1040 294 1089; x_wconf 60' lang='grc' dir='ltr'><strong><em>ραι.</em></strong></span> <span class='ocrx_word' id='word_1_58' title='bbox 308 1023 367 1075; x_wconf 81' lang='lat'><strong>372.</strong></span> <span class='ocrx_word' id='word_1_59' title='bbox 381 1023 462 1073; x_wconf 74' lang='lat' dir='ltr'><strong><em>acce:</em></strong></span> <span class='ocrx_word' id='word_1_60' title='bbox 649 994 983 1075; x_wconf 58' lang='lat' dir='ltr'><strong><em>cccclxxxiv.</em></strong></span> 
     </span>
    </p>
   </div>
   <div class='ocr_carea' id='block_1_4' title="bbox 618 1161 1028 1213">
    <p class='ocr_par' dir='ltr' id='par_1_4' title="bbox 618 1161 1028 1213">
     <span class='ocr_line' id='line_1_6' title="bbox 618 1161 1028 1213; baseline -0.022 -3"><span class='ocrx_word' id='word_1_61' title='bbox 618 1163 871 1210; x_wconf 66' lang='lat' dir='ltr'><strong><em>conressmonrrl</em></strong></span> <span class='ocrx_word' id='word_1_62' title='bbox 885 1161 1028 1213; x_wconf 77' lang='lat' dir='ltr'><em>EQVITVM</em></span> 
     </span>
    </p>
   </div>
   <div class='ocr_carea' id='block_1_5' title="bbox 454 1252 1241 1410">
    <p class='ocr_par' dir='ltr' id='par_1_5' title="bbox 454 1252 1241 1410">
     <span class='ocr_line' id='line_1_7' title="bbox 454 1252 1241 1347; baseline -0.015 -27"><span class='ocrx_word' id='word_1_63' title='bbox 454 1261 618 1320; x_wconf 71' lang='lat' dir='ltr'><strong><em>ventem</em></strong></span> <span class='ocrx_word' id='word_1_64' title='bbox 636 1261 666 1318; x_wconf 88' lang='lat' dir='ltr'><em>H</em></span> <span class='ocrx_word' id='word_1_65' title='bbox 672 1258 821 1318; x_wconf 82' lang='lat' dir='ltr'><em>VTTENI</em></span> <span class='ocrx_word' id='word_1_66' title='bbox 840 1255 980 1347; x_wconf 68' lang='lat' dir='ltr'><em>1²0ssAE</em></span> <span class='ocrx_word' id='word_1_67' title='bbox 999 1254 1052 1310; x_wconf 82' lang='lat' dir='ltr'><strong><em>LA</em></strong></span> <span class='ocrx_word' id='word_1_68' title='bbox 1061 1252 1241 1311; x_wconf 77' lang='lat' dir='ltr'><em>VREATI</em></span> 
     </span>
     <span class='ocr_line' id='line_1_8' title="bbox 802 1368 844 1410; baseline 0 0"><span class='ocrx_word' id='word_1_69' title='bbox 802 1368 844 1410; x_wconf 76' lang='grc' dir='ltr'><strong><em>ΕΤ</em></strong></span> 
     </span>
    </p>
   </div>
   <div class='ocr_carea' id='block_1_6' title="bbox 305 1458 1392 1621">
    <p class='ocr_par' dir='ltr' id='par_1_6' title="bbox 305 1458 1392 1621">
     <span class='ocr_line' id='line_1_9' title="bbox 579 1458 1075 1522; baseline -0.014 0"><span class='ocrx_word' id='word_1_70' title='bbox 579 1463 787 1522; x_wconf 78' lang='lat' dir='ltr'><em>FRANCISCJ</em></span> <span class='ocrx_word' id='word_1_71' title='bbox 808 1462 832 1519; x_wconf 83' lang='grc' dir='ltr'><em>Α</em></span> <span class='ocrx_word' id='word_1_72' title='bbox 855 1458 1075 1520; x_wconf 76' lang='lat' dir='ltr'><strong><em>SlGlr&#39;lNGEN</em></strong></span> 
     </span>
     <span class='ocr_line' id='line_1_10' title="bbox 305 1568 1392 1621; baseline -0.012 0"><span class='ocrx_word' id='word_1_73' title='bbox 305 1577 478 1621; x_wconf 72' lang='lat' dir='ltr'><strong><em>ecnnnrnn</em></strong></span> <span class='ocrx_word' id='word_1_74' title='bbox 490 1577 547 1620; x_wconf 81' lang='lat' dir='ltr'><strong><em>nro</em></strong></span> <span class='ocrx_word' id='word_1_75' title='bbox 565 1576 671 1618; x_wconf 81' lang='lat' dir='ltr'><strong><em>rorrrs</em></strong></span> <span class='ocrx_word' id='word_1_76' title='bbox 690 1571 923 1618; x_wconf 66' lang='lat' dir='ltr'><strong><em>concernerent</em></strong></span> <span class='ocrx_word' id='word_1_77' title='bbox 939 1569 1136 1613; x_wconf 76' lang='lat' dir='ltr'><strong><em>creemus</em></strong></span> <span class='ocrx_word' id='word_1_78' title='bbox 1159 1568 1392 1613; x_wconf 61' lang='lat' dir='ltr'><strong><em>assertores</em></strong></span> 
     </span>
    </p>
   </div>
   <div class='ocr_carea' id='block_1_7' title="bbox 680 1664 969 1725">
    <p class='ocr_par' dir='ltr' id='par_1_7' title="bbox 680 1664 969 1725">
     <span class='ocr_line' id='line_1_11' title="bbox 680 1664 969 1725; baseline -0.014 -1"><span class='ocrx_word' id='word_1_79' title='bbox 680 1664 969 1725; x_wconf 80' lang='lat' dir='ltr'><em>PANEGYBICVS.</em></span> 
     </span>
    </p>
   </div>
   <div class='ocr_carea' id='block_1_8' title="bbox 348 1800 1216 2986">
    <p class='ocr_par' dir='ltr' id='par_1_8' title="bbox 380 1800 1125 2134">
     <span class='ocr_line' id='line_1_12' title="bbox 380 1800 1125 1873; baseline -0.013 -10"><span class='ocrx_word' id='word_1_80' title='bbox 380 1807 427 1864; x_wconf 88' lang='lat' dir='ltr'><strong><em>Sic</em></strong></span> <span class='ocrx_word' id='word_1_81' title='bbox 444 1805 512 1863; x_wconf 80' lang='lat' dir='ltr'><strong><em>milii</em></strong></span> <span class='ocrx_word' id='word_1_82' title='bbox 530 1806 672 1873; x_wconf 75' lang='lat' dir='ltr'><strong><em>Pierides,</em></strong></span> <span class='ocrx_word' id='word_1_83' title='bbox 696 1805 736 1859; x_wconf 83' lang='lat' dir='ltr'><strong><em>sic</em></strong></span> <span class='ocrx_word' id='word_1_84' title='bbox 758 1805 794 1859; x_wconf 83' lang='lat' dir='ltr'><strong><em>sit</em></strong></span> <span class='ocrx_word' id='word_1_85' title='bbox 815 1802 882 1858; x_wconf 77' lang='lat' dir='ltr'><strong><em>milri</em></strong></span> <span class='ocrx_word' id='word_1_86' title='bbox 908 1803 981 1856; x_wconf 79' lang='lat' dir='ltr'><strong><em>mitis</em></strong></span> <span class='ocrx_word' id='word_1_87' title='bbox 1002 1800 1125 1871; x_wconf 79' lang='lat' dir='ltr'><em>Apollo,</em></span> 
     </span>
     <span class='ocr_line' id='line_1_13' title="bbox 381 1885 1077 1962; baseline -0.014 -13"><span class='ocrx_word' id='word_1_88' title='bbox 381 1892 503 1961; x_wconf 83' lang='lat' dir='ltr'><strong><em>Quorum</em></strong></span> <span class='ocrx_word' id='word_1_89' title='bbox 520 1893 564 1946; x_wconf 88' lang='lat' dir='ltr'><strong><em>irn</em></strong></span> <span class='ocrx_word' id='word_1_90' title='bbox 587 1891 656 1946; x_wconf 82' lang='lat' dir='ltr'><strong><em>nilsil</em></strong></span> <span class='ocrx_word' id='word_1_91' title='bbox 671 1890 785 1962; x_wconf 72' lang='lat' dir='ltr'><strong><em>caperer</em></strong></span> <span class='ocrx_word' id='word_1_92' title='bbox 806 1889 966 1960; x_wconf 71' lang='lat' dir='ltr'><strong><em>conlinpere</em></strong></span> <span class='ocrx_word' id='word_1_93' title='bbox 986 1885 1077 1960; x_wconf 83' lang='lat' dir='ltr'><strong><em>quibit</em></strong></span> 
     </span>
     <span class='ocr_line' id='line_1_14' title="bbox 380 1970 1116 2050; baseline -0.01 -18"><span class='ocrx_word' id='word_1_94' title='bbox 380 1977 551 2050; x_wconf 77' lang='lat' dir='ltr'><strong><em>Pestifernni</em></strong></span> <span class='ocrx_word' id='word_1_95' title='bbox 573 1977 661 2049; x_wconf 70' lang='lat' dir='ltr'><strong><em>meeis</em></strong></span> <span class='ocrx_word' id='word_1_96' title='bbox 683 1979 732 2030; x_wconf 83' lang='lat' dir='ltr'><strong><em>ool</em></strong></span> <span class='ocrx_word' id='word_1_97' title='bbox 751 1974 830 2046; x_wconf 82' lang='lat' dir='ltr'><strong><em>pleri</em></strong></span> <span class='ocrx_word' id='word_1_98' title='bbox 848 1976 980 2028; x_wconf 76' lang='lat' dir='ltr'><strong><em>constare</em></strong></span> <span class='ocrx_word' id='word_1_99' title='bbox 1001 1970 1116 2040; x_wconf 84' lang='lat' dir='ltr'><strong><em>labore,</em></strong></span> 
     </span>
     <span class='ocr_line' id='line_1_15' title="bbox 380 2058 999 2134; baseline -0.011 -16"><span class='ocrx_word' id='word_1_100' title='bbox 380 2061 486 2118; x_wconf 83' lang='lat' dir='ltr'><strong><em>Iudicio</em></strong></span> <span class='ocrx_word' id='word_1_101' title='bbox 507 2062 620 2134; x_wconf 81' lang='lat' dir='ltr'><strong><em>eolnqnc</em></strong></span> <span class='ocrx_word' id='word_1_102' title='bbox 639 2063 682 2116; x_wconf 88' lang='lat' dir='ltr'><strong><em>rei</em></strong></span> <span class='ocrx_word' id='word_1_103' title='bbox 700 2061 841 2132; x_wconf 77' lang='lat' dir='ltr'><strong><em>pravitate</em></strong></span> <span class='ocrx_word' id='word_1_104' title='bbox 860 2058 999 2130; x_wconf 83' lang='lat' dir='ltr'><strong><em>placentis</em></strong></span> 
     </span>
    </p>

    <p class='ocr_par' dir='ltr' id='par_1_9' title="bbox 355 2141 1216 2559">
     <span class='ocr_line' id='line_1_16' title="bbox 355 2141 1216 2216; baseline -0.009 -11"><span class='ocrx_word' id='word_1_105' title='bbox 355 2146 478 2205; x_wconf 80' lang='lat' dir='ltr'><strong><em>eMolns</em></strong></span> <span class='ocrx_word' id='word_1_106' title='bbox 499 2151 531 2202; x_wconf 86' lang='lat' dir='ltr'><strong><em>nt</em></strong></span> <span class='ocrx_word' id='word_1_107' title='bbox 551 2147 628 2214; x_wconf 80' lang='lat' dir='ltr'><strong><em>dccc,</em></strong></span> <span class='ocrx_word' id='word_1_108' title='bbox 651 2160 703 2200; x_wconf 89' lang='lat' dir='ltr'><strong><em>nec</em></strong></span> <span class='ocrx_word' id='word_1_109' title='bbox 723 2145 805 2216; x_wconf 76' lang='lat' dir='ltr'><strong><em>dipnn</em></strong></span> <span class='ocrx_word' id='word_1_110' title='bbox 828 2143 886 2198; x_wconf 82' lang='lat' dir='ltr'><strong><em>dcis</em></strong></span> <span class='ocrx_word' id='word_1_111' title='bbox 907 2141 1038 2197; x_wconf 84' lang='lat' dir='ltr'><strong><em>morlolio</em></strong></span> <span class='ocrx_word' id='word_1_112' title='bbox 1057 2155 1114 2196; x_wconf 88' lang='lat' dir='ltr'><strong><em>nce</em></strong></span> <span class='ocrx_word' id='word_1_113' title='bbox 1138 2158 1216 2214; x_wconf 83' lang='lat' dir='ltr'><strong><em>quoe</em></strong></span> 
     </span>
     <span class='ocr_line' id='line_1_17' title="bbox 383 2229 1102 2304; baseline -0.01 -17"><span class='ocrx_word' id='word_1_114' title='bbox 383 2234 505 2289; x_wconf 79' lang='lat' dir='ltr'><strong><em>Pectora</em></strong></span> <span class='ocrx_word' id='word_1_115' title='bbox 525 2231 604 2304; x_wconf 74' lang='lat' dir='ltr'><strong><em>sorte</em></strong></span> <span class='ocrx_word' id='word_1_116' title='bbox 626 2234 736 2295; x_wconf 75' lang='lat' dir='ltr'><strong><em>inerint,</em></strong></span> <span class='ocrx_word' id='word_1_117' title='bbox 759 2232 837 2284; x_wconf 84' lang='lat' dir='ltr'><strong><em>tenui</em></strong></span> <span class='ocrx_word' id='word_1_118' title='bbox 856 2229 995 2284; x_wconf 81' lang='lat' dir='ltr'><strong><em>deducere</em></strong></span> <span class='ocrx_word' id='word_1_119' title='bbox 1017 2241 1102 2281; x_wconf 85' lang='lat' dir='ltr'><strong><em>oersn</em></strong></span> 
     </span>
     <span class='ocr_line' id='line_1_18' title="bbox 384 2314 1049 2389; baseline -0.012 -16"><span class='ocrx_word' id='word_1_120' title='bbox 384 2317 476 2389; x_wconf 75' lang='lat' dir='ltr'><em>Copor</em></span> <span class='ocrx_word' id='word_1_121' title='bbox 489 2322 518 2372; x_wconf 88' lang='lat' dir='ltr'><strong><em>et</em></strong></span> <span class='ocrx_word' id='word_1_122' title='bbox 539 2317 655 2373; x_wconf 83' lang='lat' dir='ltr'><strong><em>obscero</em></strong></span> <span class='ocrx_word' id='word_1_123' title='bbox 677 2317 808 2372; x_wconf 83' lang='lat' dir='ltr'><strong><em>virtutem</em></strong></span> <span class='ocrx_word' id='word_1_124' title='bbox 830 2314 927 2369; x_wconf 88' lang='lat' dir='ltr'><strong><em>tollere</em></strong></span> <span class='ocrx_word' id='word_1_125' title='bbox 947 2317 1049 2380; x_wconf 86' lang='lat' dir='ltr'><strong><em>conlo,</em></strong></span> 
     </span>
     <span class='ocr_line' id='line_1_19' title="bbox 385 2396 1085 2473; baseline -0.014 -14"><span class='ocrx_word' id='word_1_126' title='bbox 385 2402 611 2459; x_wconf 82' lang='lat' dir='ltr'><strong><em>Obtrectetornm</em></strong></span> <span class='ocrx_word' id='word_1_127' title='bbox 632 2400 784 2473; x_wconf 78' lang='lat' dir='ltr'><em>obprobriis</em></span> <span class='ocrx_word' id='word_1_128' title='bbox 806 2400 931 2470; x_wconf 80' lang='lat' dir='ltr'><strong><em>actisque</em></strong></span> <span class='ocrx_word' id='word_1_129' title='bbox 951 2396 1085 2468; x_wconf 76' lang='lat' dir='ltr'><strong><em>nefandis</em></strong></span> 
     </span>
     <span class='ocr_line' id='line_1_20' title="bbox 383 2484 1008 2559; baseline -0.013 -16"><span class='ocrx_word' id='word_1_130' title='bbox 383 2487 499 2544; x_wconf 85' lang='lat' dir='ltr'><strong><em>Invidiae</em></strong></span> <span class='ocrx_word' id='word_1_131' title='bbox 521 2501 707 2559; x_wconf 82' lang='lat' dir='ltr'><strong><em>responsurae</em></strong></span> <span class='ocrx_word' id='word_1_132' title='bbox 726 2484 876 2556; x_wconf 87' lang='lat' dir='ltr'><strong><em>compellor</em></strong></span> <span class='ocrx_word' id='word_1_133' title='bbox 896 2485 1008 2539; x_wconf 87' lang='lat' dir='ltr'><strong><em>eodem:</em></strong></span> 
     </span>
    </p>

    <p class='ocr_par' dir='ltr' id='par_1_10' title="bbox 348 2567 1184 2986">
     <span class='ocr_line' id='line_1_21' title="bbox 348 2567 1049 2642; baseline -0.014 -11"><span class='ocrx_word' id='word_1_134' title='bbox 348 2592 371 2631; x_wconf 82' lang='lat' dir='ltr'><strong><em>tc</em></strong></span> <span class='ocrx_word' id='word_1_135' title='bbox 386 2573 512 2630; x_wconf 80' lang='lat' dir='ltr'><strong><em>Convicio</em></strong></span> <span class='ocrx_word' id='word_1_136' title='bbox 535 2575 614 2628; x_wconf 82' lang='lat' dir='ltr'><strong><em>ielins</em></strong></span> <span class='ocrx_word' id='word_1_137' title='bbox 635 2589 701 2626; x_wconf 86' lang='lat' dir='ltr'><strong><em>nom</em></strong></span> <span class='ocrx_word' id='word_1_138' title='bbox 718 2585 761 2625; x_wconf 90' lang='lat' dir='ltr'><strong><em>me</em></strong></span> <span class='ocrx_word' id='word_1_139' title='bbox 783 2571 905 2642; x_wconf 82' lang='lat' dir='ltr'><strong><em>repetito</em></strong></span> <span class='ocrx_word' id='word_1_140' title='bbox 927 2567 1049 2624; x_wconf 73' lang='lat' dir='ltr'><strong><em>cohortis</em></strong></span> 
     </span>
     <span class='ocr_line' id='line_1_22' title="bbox 385 2654 1184 2730; baseline -0.014 -15"><span class='ocrx_word' id='word_1_141' title='bbox 385 2658 527 2714; x_wconf 76' lang='lat' dir='ltr'><strong><em>Audacem</em></strong></span> <span class='ocrx_word' id='word_1_142' title='bbox 545 2657 659 2730; x_wconf 73' lang='lat' dir='ltr'><strong><em>sociem</em></strong></span> <span class='ocrx_word' id='word_1_143' title='bbox 680 2659 843 2727; x_wconf 79' lang='lat' dir='ltr'><strong><em>animusque</em></strong></span> <span class='ocrx_word' id='word_1_144' title='bbox 865 2669 902 2709; x_wconf 75' lang='lat' dir='ltr'><strong><em>ccc</em></strong></span> <span class='ocrx_word' id='word_1_145' title='bbox 923 2655 1037 2708; x_wconf 86' lang='lat' dir='ltr'><strong><em>crimine</em></strong></span> <span class='ocrx_word' id='word_1_146' title='bbox 1056 2654 1184 2706; x_wconf 84' lang='lat' dir='ltr'><strong><em>crescit.-</em></strong></span> 
     </span>
     <span class='ocr_line' id='line_1_23' title="bbox 386 2739 1050 2815; baseline -0.012 -15"><span class='ocrx_word' id='word_1_147' title='bbox 386 2745 533 2800; x_wconf 82' lang='lat' dir='ltr'><strong><em>Clorornm</em></strong></span> <span class='ocrx_word' id='word_1_148' title='bbox 552 2743 643 2815; x_wconf 80' lang='lat' dir='ltr'><strong><em>suerit</em></strong></span> <span class='ocrx_word' id='word_1_149' title='bbox 663 2744 752 2799; x_wconf 84' lang='lat' dir='ltr'><strong><em>virtus</em></strong></span> <span class='ocrx_word' id='word_1_150' title='bbox 773 2739 891 2798; x_wconf 79' lang='lat' dir='ltr'><strong><em>obscuro</em></strong></span> <span class='ocrx_word' id='word_1_151' title='bbox 914 2740 1050 2806; x_wconf 79' lang='lat' dir='ltr'><strong><em>virorem,</em></strong></span> 
     </span>
     <span class='ocr_line' id='line_1_24' title="bbox 387 2823 1081 2895; baseline -0.009 -12"><span class='ocrx_word' id='word_1_152' title='bbox 387 2827 426 2883; x_wconf 89' lang='lat' dir='ltr'><strong><em>Ni</em></strong></span> <span class='ocrx_word' id='word_1_153' title='bbox 444 2830 592 2884; x_wconf 87' lang='lat' dir='ltr'><strong><em>macilento</em></strong></span> <span class='ocrx_word' id='word_1_154' title='bbox 616 2828 716 2883; x_wconf 75' lang='lat' dir='ltr'><strong><em>trador</em></strong></span> <span class='ocrx_word' id='word_1_155' title='bbox 737 2828 830 2882; x_wconf 87' lang='lat' dir='ltr'><strong><em>licenti</em></strong></span> <span class='ocrx_word' id='word_1_156' title='bbox 848 2840 971 2895; x_wconf 87' lang='lat' dir='ltr'><strong><em>corporo</em></strong></span> <span class='ocrx_word' id='word_1_157' title='bbox 990 2823 1081 2883; x_wconf 73' lang='lat' dir='ltr'><strong><em>occlto,¹</em></strong></span> 
     </span>
     <span class='ocr_line' id='line_1_25' title="bbox 386 2908 1136 2986; baseline -0.011 -18"><span class='ocrx_word' id='word_1_158' title='bbox 386 2913 513 2986; x_wconf 79' lang='lat' dir='ltr'><strong><em>Namque</em></strong></span> <span class='ocrx_word' id='word_1_159' title='bbox 534 2914 606 2972; x_wconf 81' lang='lat' dir='ltr'><strong><em>velot</em></strong></span> <span class='ocrx_word' id='word_1_160' title='bbox 628 2913 722 2970; x_wconf 78' lang='lat' dir='ltr'><strong><em>reddit</em></strong></span> <span class='ocrx_word' id='word_1_161' title='bbox 744 2912 882 2966; x_wconf 86' lang='lat' dir='ltr'><strong><em>meliorem</em></strong></span> <span class='ocrx_word' id='word_1_162' title='bbox 904 2912 980 2965; x_wconf 87' lang='lat' dir='ltr'><strong><em>dieto</em></strong></span> <span class='ocrx_word' id='word_1_163' title='bbox 1004 2908 1136 2964; x_wconf 79' lang='lat' dir='ltr'><strong><em>Colossens</em></strong></span> 
     </span>
    </p>
   </div>
   <div class='ocr_carea' id='block_1_9' title="bbox 184 3088 1507 4505">
    <p class='ocr_par' dir='ltr' id='par_1_11' title="bbox 184 3088 1507 4505">
     <span class='ocr_line' id='line_1_26' title="bbox 184 3088 1498 3161; baseline -0.003 -17"><span class='ocrx_word' id='word_1_164' title='bbox 184 3096 265 3146; x_wconf 88' lang='lat' dir='ltr'><strong><em>Hunc</em></strong></span> <span class='ocrx_word' id='word_1_165' title='bbox 290 3096 489 3161; x_wconf 82' lang='lat' dir='ltr'><strong><em>panegyricum</em></strong></span> <span class='ocrx_word' id='word_1_166' title='bbox 513 3094 623 3146; x_wconf 84' lang='lat' dir='ltr'><strong><em>Nicolci</em></strong></span> <span class='ocrx_word' id='word_1_167' title='bbox 648 3095 771 3161; x_wconf 79' lang='lat' dir='ltr'><strong><em>Asclepii</em></strong></span> <span class='ocrx_word' id='word_1_168' title='bbox 792 3094 924 3156; x_wconf 87' lang='lat' dir='ltr'><strong><em>Barbati,</em></strong></span> <span class='ocrx_word' id='word_1_169' title='bbox 954 3088 1124 3151; x_wconf 79' lang='lat' dir='ltr'><strong><em>Caesellsni,</em></strong></span> <span class='ocrx_word' id='word_1_170' title='bbox 1150 3090 1203 3154; x_wconf 83' lang='lat' dir='ltr'><strong><em>qui</em></strong></span> <span class='ocrx_word' id='word_1_171' title='bbox 1229 3089 1380 3158; x_wconf 82' lang='lat' dir='ltr'><strong><em>deposito</em></strong></span> <span class='ocrx_word' id='word_1_172' title='bbox 1402 3105 1498 3141; x_wconf 74' lang='lat' dir='ltr'><strong><em>macris</em></strong></span> 
     </span>
     <span class='ocr_line' id='line_1_27' title="bbox 185 3173 1497 3246; baseline -0.003 -17"><span class='ocrx_word' id='word_1_173' title='bbox 185 3178 353 3231; x_wconf 83' lang='lat' dir='ltr'><strong><em>scholastico</em></strong></span> <span class='ocrx_word' id='word_1_174' title='bbox 372 3181 574 3246; x_wconf 80' lang='lat' dir='ltr'><strong><em>Hombergensi</em></strong></span> <span class='ocrx_word' id='word_1_175' title='bbox 596 3181 669 3230; x_wconf 84' lang='lat' dir='ltr'><strong><em>inter</em></strong></span> <span class='ocrx_word' id='word_1_176' title='bbox 692 3182 794 3246; x_wconf 86' lang='lat' dir='ltr'><strong><em>primos</em></strong></span> <span class='ocrx_word' id='word_1_177' title='bbox 816 3177 1024 3244; x_wconf 77' lang='lat' dir='ltr'><strong><em>Marpurgensis</em></strong></span> <span class='ocrx_word' id='word_1_178' title='bbox 1048 3173 1208 3225; x_wconf 75' lang='lat' dir='ltr'><strong><em>academias</em></strong></span> <span class='ocrx_word' id='word_1_179' title='bbox 1235 3176 1431 3241; x_wconf 79' lang='lat' dir='ltr'><strong><em>professores</em></strong></span> <span class='ocrx_word' id='word_1_180' title='bbox 1451 3176 1497 3225; x_wconf 72' lang='lat' dir='ltr'><strong><em>dio</em></strong></span> 
     </span>
     <span class='ocr_line' id='line_1_28' title="bbox 184 3257 1496 3330; baseline -0.002 -17"><span class='ocrx_word' id='word_1_181' title='bbox 184 3262 305 3315; x_wconf 86' lang='lat' dir='ltr'><strong><em>lecticen</em></strong></span> <span class='ocrx_word' id='word_1_182' title='bbox 323 3265 489 3330; x_wconf 81' lang='lat' dir='ltr'><strong><em>etlriecnque</em></strong></span> <span class='ocrx_word' id='word_1_183' title='bbox 509 3265 618 3326; x_wconf 86' lang='lat' dir='ltr'><strong><em>docuit,</em></strong></span> <span class='ocrx_word' id='word_1_184' title='bbox 641 3282 664 3315; x_wconf 82' lang='lat' dir='ltr'><strong><em>a.</em></strong></span> <span class='ocrx_word' id='word_1_185' title='bbox 682 3264 835 3316; x_wconf 71' lang='lat' dir='ltr'><strong><em>rescieris</em></strong></span> <span class='ocrx_word' id='word_1_186' title='bbox 853 3264 950 3314; x_wconf 88' lang='lat' dir='ltr'><strong><em>doctor</em></strong></span> <span class='ocrx_word' id='word_1_187' title='bbox 969 3262 1073 3320; x_wconf 85' lang='lat' dir='ltr'><strong><em>lactus,</em></strong></span> <span class='ocrx_word' id='word_1_188' title='bbox 1093 3257 1421 3326; x_wconf 61' lang='lat' dir='ltr'><strong><em>albergariam</em></strong></span> <span class='ocrx_word' id='word_1_189' title='bbox 1438 3275 1496 3312; x_wconf 73' lang='lat' dir='ltr'><strong><em>esse</em></strong></span> 
     </span>
     <span class='ocr_line' id='line_1_29' title="bbox 185 3343 1497 3415; baseline 0.001 -17"><span class='ocrx_word' id='word_1_190' title='bbox 185 3348 248 3399; x_wconf 91' lang='lat' dir='ltr'><strong><em>ritis</em></strong></span> <span class='ocrx_word' id='word_1_191' title='bbox 271 3349 417 3415; x_wconf 83' lang='lat' dir='ltr'><strong><em>stipendiis</em></strong></span> <span class='ocrx_word' id='word_1_192' title='bbox 442 3366 457 3400; x_wconf 91' lang='lat' dir='ltr'><strong><em>e</em></strong></span> <span class='ocrx_word' id='word_1_193' title='bbox 480 3350 539 3399; x_wconf 84' lang='lat' dir='ltr'><strong><em>vita</em></strong></span> <span class='ocrx_word' id='word_1_194' title='bbox 557 3349 678 3400; x_wconf 76' lang='lat' dir='ltr'><strong><em>decessit</em></strong></span> <span class='ocrx_word' id='word_1_195' title='bbox 696 3349 745 3413; x_wconf 79' lang='lat' dir='ltr'><strong><em>(cf.</em></strong></span> <span class='ocrx_word' id='word_1_196' title='bbox 759 3349 875 3399; x_wconf 78' lang='lat' dir='ltr'><strong><em>l&#39;reheri</em></strong></span> <span class='ocrx_word' id='word_1_197' title='bbox 892 3348 1005 3398; x_wconf 85' lang='lat' dir='ltr'><strong><em>Theatr.</em></strong></span> <span class='ocrx_word' id='word_1_198' title='bbox 1018 3346 1100 3396; x_wconf 85' lang='lat' dir='ltr'><strong><em>viror.</em></strong></span> <span class='ocrx_word' id='word_1_199' title='bbox 1114 3343 1330 3398; x_wconf 15' lang='lat' dir='ltr'><strong><em>emcrelaror.</em></strong></span> <span class='ocrx_word' id='word_1_200' title='bbox 1344 3364 1374 3414; x_wconf 86' lang='lat' dir='ltr'><strong><em>p.</em></strong></span> <span class='ocrx_word' id='word_1_201' title='bbox 1386 3346 1446 3398; x_wconf 57' lang='lat' dir='ltr'><strong><em>W.</em></strong></span> <span class='ocrx_word' id='word_1_202' title='bbox 1456 3361 1497 3412; x_wconf 57' lang='lat' dir='ltr'><strong><em>sq„</em></strong></span> 
     </span>
     <span class='ocr_line' id='line_1_30' title="bbox 186 3428 1499 3501; baseline -0.001 -18"><span class='ocrx_word' id='word_1_203' title='bbox 186 3450 200 3483; x_wconf 84' lang='lat' dir='ltr'><strong><em>e</em></strong></span> <span class='ocrx_word' id='word_1_204' title='bbox 220 3450 273 3499; x_wconf 89' lang='lat' dir='ltr'><strong><em>quo</em></strong></span> <span class='ocrx_word' id='word_1_205' title='bbox 292 3450 344 3486; x_wconf 85' lang='lat' dir='ltr'><strong><em>aaa</em></strong></span> <span class='ocrx_word' id='word_1_206' title='bbox 362 3435 531 3501; x_wconf 77' lang='lat' dir='ltr'><strong><em>deprompsit</em></strong></span> <span class='ocrx_word' id='word_1_207' title='bbox 549 3435 656 3485; x_wconf 87' lang='lat' dir='ltr'><strong><em>loecher</em></strong></span> <span class='ocrx_word' id='word_1_208' title='bbox 673 3450 699 3485; x_wconf 87' lang='lat' dir='ltr'><strong><em>v.</em></strong></span> <span class='ocrx_word' id='word_1_209' title='bbox 718 3433 883 3497; x_wconf 83' lang='lat' dir='ltr'><strong><em>Barbatus),</em></strong></span> <span class='ocrx_word' id='word_1_210' title='bbox 908 3432 1034 3500; x_wconf 84' lang='lat' dir='ltr'><strong><em>proiecto</em></strong></span> <span class='ocrx_word' id='word_1_211' title='bbox 1058 3444 1112 3480; x_wconf 86' lang='lat' dir='ltr'><strong><em>non</em></strong></span> <span class='ocrx_word' id='word_1_212' title='bbox 1133 3428 1204 3481; x_wconf 84' lang='lat' dir='ltr'><strong><em>ideo</em></strong></span> <span class='ocrx_word' id='word_1_213' title='bbox 1227 3435 1418 3499; x_wconf 82' lang='lat' dir='ltr'><strong><em>repetimus,</em></strong></span> <span class='ocrx_word' id='word_1_214' title='bbox 1440 3429 1499 3498; x_wconf 80' lang='lat' dir='ltr'><strong><em>qaod</em></strong></span> 
     </span>
     <span class='ocr_line' id='line_1_31' title="bbox 186 3513 1498 3585; baseline 0 -17"><span class='ocrx_word' id='word_1_215' title='bbox 186 3519 236 3569; x_wconf 87' lang='lat' dir='ltr'><strong><em>hos</em></strong></span> <span class='ocrx_word' id='word_1_216' title='bbox 252 3520 405 3571; x_wconf 85' lang='lat' dir='ltr'><strong><em>versiculos</em></strong></span> <span class='ocrx_word' id='word_1_217' title='bbox 424 3535 478 3571; x_wconf 84' lang='lat' dir='ltr'><strong><em>non</em></strong></span> <span class='ocrx_word' id='word_1_218' title='bbox 496 3519 616 3585; x_wconf 86' lang='lat' dir='ltr'><strong><em>pessime</em></strong></span> <span class='ocrx_word' id='word_1_219' title='bbox 634 3524 713 3570; x_wconf 81' lang='lat' dir='ltr'><strong><em>natos</em></strong></span> <span class='ocrx_word' id='word_1_220' title='bbox 732 3520 883 3570; x_wconf 84' lang='lat' dir='ltr'><strong><em>iudicemus</em></strong></span> <span class='ocrx_word' id='word_1_221' title='bbox 907 3518 982 3581; x_wconf 80' lang='lat' dir='ltr'><strong><em>(nom</em></strong></span> <span class='ocrx_word' id='word_1_222' title='bbox 1006 3515 1092 3568; x_wconf 89' lang='lat' dir='ltr'><strong><em>amori</em></strong></span> <span class='ocrx_word' id='word_1_223' title='bbox 1109 3513 1237 3566; x_wconf 74' lang='lat' dir='ltr'><strong><em>hominis</em></strong></span> <span class='ocrx_word' id='word_1_224' title='bbox 1258 3531 1364 3585; x_wconf 78' lang='lat' dir='ltr'><strong><em>nsque</em></strong></span> <span class='ocrx_word' id='word_1_225' title='bbox 1382 3517 1498 3582; x_wconf 66' lang='lat' dir='ltr'><strong><em>Calliope</em></strong></span> 
     </span>
     <span class='ocr_line' id='line_1_32' title="bbox 186 3599 1500 3670; baseline -0.003 -16"><span class='ocrx_word' id='word_1_226' title='bbox 186 3619 275 3670; x_wconf 87' lang='lat' dir='ltr'><strong><em>nequa</em></strong></span> <span class='ocrx_word' id='word_1_227' title='bbox 294 3604 369 3667; x_wconf 83' lang='lat' dir='ltr'><strong><em>clio,</em></strong></span> <span class='ocrx_word' id='word_1_228' title='bbox 390 3610 451 3656; x_wconf 90' lang='lat' dir='ltr'><strong><em>utut</em></strong></span> <span class='ocrx_word' id='word_1_229' title='bbox 469 3604 633 3667; x_wconf 72' lang='lat' dir='ltr'><strong><em>invocabat,</em></strong></span> <span class='ocrx_word' id='word_1_230' title='bbox 652 3604 855 3670; x_wconf 81' lang='lat' dir='ltr'><strong><em>respondebant</em></strong></span> <span class='ocrx_word' id='word_1_231' title='bbox 873 3619 978 3653; x_wconf 89' lang='lat' dir='ltr'><strong><em>amore:</em></strong></span> <span class='ocrx_word' id='word_1_232' title='bbox 999 3599 1397 3667; x_wconf 76' lang='lat' dir='ltr'><strong><em>of.v01.1.n.cxxxs11.)‚</em></strong></span> <span class='ocrx_word' id='word_1_233' title='bbox 1415 3602 1463 3654; x_wconf 80' lang='lat' dir='ltr'><strong><em>sed</em></strong></span> <span class='ocrx_word' id='word_1_234' title='bbox 1475 3608 1500 3650; x_wconf 82' lang='lat' dir='ltr'><strong><em>st</em></strong></span> 
     </span>
     <span class='ocr_line' id='line_1_33' title="bbox 186 3683 1499 3756; baseline 0 -18"><span class='ocrx_word' id='word_1_235' title='bbox 186 3689 221 3738; x_wconf 88' lang='lat' dir='ltr'><strong><em>de</em></strong></span> <span class='ocrx_word' id='word_1_236' title='bbox 239 3689 362 3740; x_wconf 87' lang='lat' dir='ltr'><strong><em>Hutteno</em></strong></span> <span class='ocrx_word' id='word_1_237' title='bbox 380 3689 529 3756; x_wconf 71' lang='lat' dir='ltr'><strong><em>equalium</em></strong></span> <span class='ocrx_word' id='word_1_238' title='bbox 547 3688 666 3740; x_wconf 87' lang='lat' dir='ltr'><strong><em>virorum</em></strong></span> <span class='ocrx_word' id='word_1_239' title='bbox 685 3689 802 3752; x_wconf 86' lang='lat' dir='ltr'><strong><em>iudicia,</em></strong></span> <span class='ocrx_word' id='word_1_240' title='bbox 827 3693 958 3754; x_wconf 81' lang='lat' dir='ltr'><strong><em>quantum</em></strong></span> <span class='ocrx_word' id='word_1_241' title='bbox 977 3688 1071 3738; x_wconf 85' lang='lat' dir='ltr'><strong><em>tacere</em></strong></span> <span class='ocrx_word' id='word_1_242' title='bbox 1089 3683 1251 3751; x_wconf 82' lang='lat' dir='ltr'><strong><em>possimus,</em></strong></span> <span class='ocrx_word' id='word_1_243' title='bbox 1278 3686 1402 3754; x_wconf 72' lang='lat' dir='ltr'><strong><em>integre</em></strong></span> <span class='ocrx_word' id='word_1_244' title='bbox 1421 3687 1499 3754; x_wconf 84' lang='lat' dir='ltr'><strong><em>prois-</em></strong></span> 
     </span>
     <span class='ocr_line' id='line_1_34' title="bbox 187 3769 1500 3839; baseline 0 -16"><span class='ocrx_word' id='word_1_245' title='bbox 187 3788 287 3824; x_wconf 86' lang='lat' dir='ltr'><strong><em>ramus.</em></strong></span> <span class='ocrx_word' id='word_1_246' title='bbox 324 3774 403 3836; x_wconf 79' lang='lat' dir='ltr'><strong><em>Quod</em></strong></span> <span class='ocrx_word' id='word_1_247' title='bbox 422 3791 478 3825; x_wconf 88' lang='lat' dir='ltr'><strong><em>non</em></strong></span> <span class='ocrx_word' id='word_1_248' title='bbox 496 3789 545 3825; x_wconf 88' lang='lat' dir='ltr'><strong><em>suo</em></strong></span> <span class='ocrx_word' id='word_1_249' title='bbox 563 3773 639 3836; x_wconf 90' lang='lat' dir='ltr'><strong><em>loco,</em></strong></span> <span class='ocrx_word' id='word_1_250' title='bbox 661 3790 722 3824; x_wconf 88' lang='lat' dir='ltr'><strong><em>cum</em></strong></span> <span class='ocrx_word' id='word_1_251' title='bbox 741 3773 873 3824; x_wconf 83' lang='lat' dir='ltr'><strong><em>antehoc</em></strong></span> <span class='ocrx_word' id='word_1_252' title='bbox 892 3777 1020 3839; x_wconf 77' lang='lat' dir='ltr'><strong><em>quattuor</em></strong></span> <span class='ocrx_word' id='word_1_253' title='bbox 1037 3785 1124 3822; x_wconf 84' lang='lat' dir='ltr'><strong><em>annos</em></strong></span> <span class='ocrx_word' id='word_1_254' title='bbox 1141 3769 1277 3822; x_wconf 83' lang='lat' dir='ltr'><strong><em>Hutteni</em></strong></span> <span class='ocrx_word' id='word_1_255' title='bbox 1298 3787 1425 3838; x_wconf 81' lang='lat' dir='ltr'><strong><em>operum</em></strong></span> <span class='ocrx_word' id='word_1_256' title='bbox 1442 3772 1500 3824; x_wconf 74' lang='lat' dir='ltr'><strong><em>alte</em></strong></span> 
     </span>
     <span class='ocr_line' id='line_1_35' title="bbox 185 3855 1501 3927; baseline 0 -19"><span class='ocrx_word' id='word_1_257' title='bbox 185 3873 244 3908; x_wconf 88' lang='lat' dir='ltr'><strong><em>rum</em></strong></span> <span class='ocrx_word' id='word_1_258' title='bbox 263 3857 390 3910; x_wconf 85' lang='lat' dir='ltr'><strong><em>volumen</em></strong></span> <span class='ocrx_word' id='word_1_259' title='bbox 407 3861 499 3927; x_wconf 88' lang='lat' dir='ltr'><strong><em>operis</em></strong></span> <span class='ocrx_word' id='word_1_260' title='bbox 517 3859 757 3911; x_wconf 84' lang='lat' dir='ltr'><strong><em>transcribendum</em></strong></span> <span class='ocrx_word' id='word_1_261' title='bbox 774 3860 926 3917; x_wconf 74' lang='lat' dir='ltr'><strong><em>mitterem,</em></strong></span> <span class='ocrx_word' id='word_1_262' title='bbox 950 3861 1068 3923; x_wconf 88' lang='lat' dir='ltr'><strong><em>positum</em></strong></span> <span class='ocrx_word' id='word_1_263' title='bbox 1087 3860 1142 3914; x_wconf 88' lang='lat' dir='ltr'><strong><em>est,</em></strong></span> <span class='ocrx_word' id='word_1_264' title='bbox 1167 3855 1200 3904; x_wconf 85' lang='lat' dir='ltr'><strong><em>in</em></strong></span> <span class='ocrx_word' id='word_1_265' title='bbox 1219 3869 1325 3908; x_wconf 73' lang='lat' dir='ltr'><strong><em>eausa</em></strong></span> <span class='ocrx_word' id='word_1_266' title='bbox 1345 3859 1419 3922; x_wconf 83' lang='lat' dir='ltr'><strong><em>fuit,</em></strong></span> <span class='ocrx_word' id='word_1_267' title='bbox 1442 3857 1501 3925; x_wconf 82' lang='lat' dir='ltr'><strong><em>qood</em></strong></span> 
     </span>
     <span class='ocr_line' id='line_1_36' title="bbox 186 3940 1502 4011; baseline 0.001 -18"><span class='ocrx_word' id='word_1_268' title='bbox 186 3948 243 3993; x_wconf 88' lang='lat' dir='ltr'><strong><em>tum</em></strong></span> <span class='ocrx_word' id='word_1_269' title='bbox 255 3943 402 4009; x_wconf 80' lang='lat' dir='ltr'><strong><em>sperabam</em></strong></span> <span class='ocrx_word' id='word_1_270' title='bbox 417 3947 476 3997; x_wconf 84' lang='lat' dir='ltr'><strong><em>iore</em></strong></span> <span class='ocrx_word' id='word_1_271' title='bbox 494 3951 525 3996; x_wconf 88' lang='lat' dir='ltr'><strong><em>ut</em></strong></span> <span class='ocrx_word' id='word_1_272' title='bbox 537 3944 660 4011; x_wconf 82' lang='lat' dir='ltr'><strong><em>Asclepii</em></strong></span> <span class='ocrx_word' id='word_1_273' title='bbox 677 3944 756 4008; x_wconf 83' lang='lat' dir='ltr'><strong><em>libro,</em></strong></span> <span class='ocrx_word' id='word_1_274' title='bbox 776 3946 822 3995; x_wconf 90' lang='lat' dir='ltr'><strong><em>cui</em></strong></span> <span class='ocrx_word' id='word_1_275' title='bbox 840 3943 1002 3994; x_wconf 84' lang='lat' dir='ltr'><strong><em>inscribitur</em></strong></span> <span class='ocrx_word' id='word_1_276' title='bbox 1015 3940 1119 4008; x_wconf 80' lang='lat' dir='ltr'><strong><em>“Sylva</em></strong></span> <span class='ocrx_word' id='word_1_277' title='bbox 1136 3954 1158 3989; x_wconf 88' lang='lat' dir='ltr'><strong><em>s.</em></strong></span> <span class='ocrx_word' id='word_1_278' title='bbox 1173 3947 1335 4006; x_wconf 70' lang='lat' dir='ltr'><strong><em>poemata,</em></strong></span> <span class='ocrx_word' id='word_1_279' title='bbox 1358 3945 1502 4010; x_wconf 68' lang='lat' dir='ltr'><strong><em>interque</em></strong></span> 
     </span>
     <span class='ocr_line' id='line_1_37' title="bbox 186 4024 1503 4094; baseline -0.002 -16"><span class='ocrx_word' id='word_1_280' title='bbox 186 4034 279 4078; x_wconf 83' lang='lat' dir='ltr'><strong><em>votum</em></strong></span> <span class='ocrx_word' id='word_1_281' title='bbox 301 4045 350 4094; x_wconf 91' lang='lat' dir='ltr'><strong><em>pro</em></strong></span> <span class='ocrx_word' id='word_1_282' title='bbox 374 4031 465 4081; x_wconf 87' lang='lat' dir='ltr'><strong><em>reditu</em></strong></span> <span class='ocrx_word' id='word_1_283' title='bbox 488 4029 566 4081; x_wconf 86' lang='lat' dir='ltr'><strong><em>salvo</em></strong></span> <span class='ocrx_word' id='word_1_284' title='bbox 589 4030 702 4080; x_wconf 84' lang='lat' dir='ltr'><strong><em>loannis</em></strong></span> <span class='ocrx_word' id='word_1_285' title='bbox 725 4030 833 4080; x_wconf 88' lang='lat' dir='ltr'><strong><em>comitis</em></strong></span> <span class='ocrx_word' id='word_1_286' title='bbox 856 4027 1065 4092; x_wconf 79' lang='lat' dir='ltr'><strong><em>Henncbcrgici</em></strong></span> <span class='ocrx_word' id='word_1_287' title='bbox 1085 4027 1142 4087; x_wconf 78' lang='grc'>...”,</span> <span class='ocrx_word' id='word_1_288' title='bbox 1165 4024 1372 4080; x_wconf 80' lang='lat' dir='ltr'><strong><em>Franeofurti</em></strong></span> <span class='ocrx_word' id='word_1_289' title='bbox 1393 4046 1421 4083; x_wconf 81' lang='lat' dir='ltr'><strong><em>a.</em></strong></span> <span class='ocrx_word' id='word_1_290' title='bbox 1440 4028 1503 4080; x_wconf 82' lang='lat' dir='ltr'><strong><em>len.</em></strong></span> 
     </span>
     <span class='ocr_line' id='line_1_38' title="bbox 186 4109 1505 4181; baseline 0.001 -18"><span class='ocrx_word' id='word_1_291' title='bbox 186 4113 329 4179; x_wconf 81' lang='lat' dir='ltr'><strong><em>publicato</em></strong></span> <span class='ocrx_word' id='word_1_292' title='bbox 342 4116 528 4168; x_wconf 77' lang='lat' dir='ltr'><strong><em>nanciscerer.</em></strong></span> <span class='ocrx_word' id='word_1_293' title='bbox 548 4130 609 4181; x_wconf 79' lang='lat' dir='ltr'><strong><em>quie</em></strong></span> <span class='ocrx_word' id='word_1_294' title='bbox 628 4130 692 4181; x_wconf 87' lang='lat' dir='ltr'><strong><em>spes</em></strong></span> <span class='ocrx_word' id='word_1_295' title='bbox 711 4130 772 4166; x_wconf 87' lang='lat' dir='ltr'><strong><em>eum</em></strong></span> <span class='ocrx_word' id='word_1_296' title='bbox 791 4114 881 4165; x_wconf 86' lang='lat' dir='ltr'><strong><em>adhue</em></strong></span> <span class='ocrx_word' id='word_1_297' title='bbox 900 4129 943 4164; x_wconf 87' lang='lat' dir='ltr'><strong><em>me</em></strong></span> <span class='ocrx_word' id='word_1_298' title='bbox 962 4110 1074 4173; x_wconf 79' lang='lat' dir='ltr'><strong><em>fefellit,</em></strong></span> <span class='ocrx_word' id='word_1_299' title='bbox 1094 4111 1208 4174; x_wconf 73' lang='lat' dir='ltr'><strong><em>iamque</em></strong></span> <span class='ocrx_word' id='word_1_300' title='bbox 1228 4109 1374 4166; x_wconf 82' lang='lat' dir='ltr'><strong><em>finienda</em></strong></span> <span class='ocrx_word' id='word_1_301' title='bbox 1393 4120 1439 4168; x_wconf 81' lang='lat' dir='ltr'><strong><em>est</em></strong></span> <span class='ocrx_word' id='word_1_302' title='bbox 1455 4115 1505 4166; x_wconf 66' lang='lat' dir='ltr'><strong><em>tec</em></strong></span> 
     </span>
     <span class='ocr_line' id='line_1_39' title="bbox 185 4193 1505 4266; baseline 0.004 -18"><span class='ocrx_word' id='word_1_303' title='bbox 185 4199 304 4250; x_wconf 82' lang='lat' dir='ltr'><strong><em>Hutteni</em></strong></span> <span class='ocrx_word' id='word_1_304' title='bbox 321 4214 433 4265; x_wconf 89' lang='lat' dir='ltr'><strong><em>operum</em></strong></span> <span class='ocrx_word' id='word_1_305' title='bbox 452 4201 550 4262; x_wconf 82' lang='lat' dir='ltr'><strong><em>editio,</em></strong></span> <span class='ocrx_word' id='word_1_306' title='bbox 569 4200 641 4250; x_wconf 90' lang='lat' dir='ltr'><strong><em>nihil</em></strong></span> <span class='ocrx_word' id='word_1_307' title='bbox 658 4204 784 4266; x_wconf 86' lang='lat' dir='ltr'><strong><em>superest</em></strong></span> <span class='ocrx_word' id='word_1_308' title='bbox 801 4200 855 4249; x_wconf 89' lang='lat' dir='ltr'><strong><em>nisi</em></strong></span> <span class='ocrx_word' id='word_1_309' title='bbox 874 4202 904 4248; x_wconf 89' lang='lat' dir='ltr'><strong><em>ut</em></strong></span> <span class='ocrx_word' id='word_1_310' title='bbox 922 4214 955 4249; x_wconf 87' lang='lat' dir='ltr'><strong><em>ex</em></strong></span> <span class='ocrx_word' id='word_1_311' title='bbox 974 4193 1182 4261; x_wconf 81' lang='lat' dir='ltr'><strong><em>corruptissimo</em></strong></span> <span class='ocrx_word' id='word_1_312' title='bbox 1202 4193 1505 4266; x_wconf 64' lang='lat' dir='ltr'><strong><em>depravatissimam</em></strong></span> 
     </span>
     <span class='ocr_line' id='line_1_40' title="bbox 186 4276 1507 4351; baseline -0.002 -17"><span class='ocrx_word' id='word_1_313' title='bbox 186 4283 311 4335; x_wconf 87' lang='lat' dir='ltr'><strong><em>Miinchii</em></strong></span> <span class='ocrx_word' id='word_1_314' title='bbox 330 4284 455 4351; x_wconf 84' lang='lat' dir='ltr'><strong><em>exemplo</em></strong></span> <span class='ocrx_word' id='word_1_315' title='bbox 474 4285 569 4349; x_wconf 80' lang='lat' dir='ltr'><strong><em>(Fronz</em></strong></span> <span class='ocrx_word' id='word_1_316' title='bbox 587 4302 635 4336; x_wconf 88' lang='lat' dir='ltr'><strong><em>oon</em></strong></span> <span class='ocrx_word' id='word_1_317' title='bbox 647 4285 792 4351; x_wconf 76' lang='lat' dir='ltr'><strong><em>Siclsinpen.</em></strong></span> <span class='ocrx_word' id='word_1_318' title='bbox 811 4285 905 4348; x_wconf 78' lang='lat' dir='ltr'><strong><em>Sintlp.</em></strong></span> <span class='ocrx_word' id='word_1_319' title='bbox 919 4301 942 4336; x_wconf 88' lang='lat' dir='ltr'><strong><em>n.</em></strong></span> <span class='ocrx_word' id='word_1_320' title='bbox 961 4283 1022 4332; x_wconf 79' lang='lat' dir='ltr'><strong><em>liro.</em></strong></span> <span class='ocrx_word' id='word_1_321' title='bbox 1039 4278 1111 4330; x_wconf 78' lang='grc'><strong>1828.</strong></span> <span class='ocrx_word' id='word_1_322' title='bbox 1125 4276 1161 4328; x_wconf 80' lang='lat'><strong><em>8⁰.</em></strong></span> <span class='ocrx_word' id='word_1_323' title='bbox 1176 4278 1237 4330; x_wconf 87' lang='lat' dir='ltr'><strong><em>vol.</em></strong></span> <span class='ocrx_word' id='word_1_324' title='bbox 1252 4281 1297 4333; x_wconf 87' lang='lat'><strong><em>11.</em></strong></span> <span class='ocrx_word' id='word_1_325' title='bbox 1313 4301 1344 4351; x_wconf 75' lang='lat' dir='ltr'><strong><em>p.</em></strong></span> <span class='ocrx_word' id='word_1_326' title='bbox 1359 4284 1507 4346; x_wconf 69' lang='lat' dir='ltr'><strong><em>330...34ll)</em></strong></span> 
     </span>
     <span class='ocr_line' id='line_1_41' title="bbox 187 4368 1507 4436; baseline 0.002 -19"><span class='ocrx_word' id='word_1_327' title='bbox 187 4383 310 4431; x_wconf 85' lang='lat' dir='ltr'><strong><em>carmen,</em></strong></span> <span class='ocrx_word' id='word_1_328' title='bbox 330 4371 400 4421; x_wconf 87' lang='lat' dir='ltr'><strong><em>satis</em></strong></span> <span class='ocrx_word' id='word_1_329' title='bbox 418 4385 468 4436; x_wconf 89' lang='lat' dir='ltr'><strong><em>per</em></strong></span> <span class='ocrx_word' id='word_1_330' title='bbox 485 4386 515 4421; x_wconf 88' lang='lat' dir='ltr'><strong><em>se</em></strong></span> <span class='ocrx_word' id='word_1_331' title='bbox 533 4371 675 4430; x_wconf 87' lang='lat' dir='ltr'><strong><em>miserum,</em></strong></span> <span class='ocrx_word' id='word_1_332' title='bbox 695 4375 826 4436; x_wconf 84' lang='lat' dir='ltr'><strong><em>quantum</em></strong></span> <span class='ocrx_word' id='word_1_333' title='bbox 845 4384 966 4435; x_wconf 86' lang='lat' dir='ltr'><strong><em>possem,</em></strong></span> <span class='ocrx_word' id='word_1_334' title='bbox 986 4368 1010 4418; x_wconf 90' lang='lat' dir='ltr'><strong><em>si</em></strong></span> <span class='ocrx_word' id='word_1_335' title='bbox 1028 4381 1082 4417; x_wconf 86' lang='lat' dir='ltr'><strong><em>non</em></strong></span> <span class='ocrx_word' id='word_1_336' title='bbox 1100 4379 1213 4428; x_wconf 78' lang='lat' dir='ltr'><strong><em>sanum,</em></strong></span> <span class='ocrx_word' id='word_1_337' title='bbox 1233 4370 1347 4422; x_wconf 74' lang='lat' dir='ltr'><strong><em>tamen</em></strong></span> <span class='ocrx_word' id='word_1_338' title='bbox 1367 4369 1507 4423; x_wconf 73' lang='lat' dir='ltr'><strong><em>tolerabile</em></strong></span> 
     </span>
     <span class='ocr_line' id='line_1_42' title="bbox 721 4455 948 4505; baseline -0.004 0"><span class='ocrx_word' id='word_1_339' title='bbox 721 4455 836 4505; x_wconf 85' lang='lat' dir='ltr'><strong><em>reddere</em></strong></span> <span class='ocrx_word' id='word_1_340' title='bbox 856 4470 948 4505; x_wconf 88' lang='lat' dir='ltr'><strong><em>coner.</em></strong></span> 
     </span>
    </p>
   </div>
   <div class='ocr_carea' id='block_1_10' title="bbox 187 4637 1510 4793">
    <p class='ocr_par' dir='ltr' id='par_1_12' title="bbox 187 4637 1510 4793">
     <span class='ocr_line' id='line_1_43' title="bbox 254 4637 1510 4711; baseline 0 -18"><span class='ocrx_word' id='word_1_341' title='bbox 254 4641 265 4671; x_wconf 72' lang='lat'>⁸</span> <span class='ocrx_word' id='word_1_342' title='bbox 284 4648 415 4708; x_wconf 89' lang='lat' dir='ltr'><strong><em>actusque</em></strong></span> <span class='ocrx_word' id='word_1_343' title='bbox 434 4647 467 4692; x_wconf 71' lang='grc' dir='ltr'><strong><em>Ι.</em></strong></span> <span class='ocrx_word' id='word_1_344' title='bbox 521 4639 542 4674; x_wconf 87' lang='lat'><strong><em>¹¹</em></strong></span> <span class='ocrx_word' id='word_1_345' title='bbox 561 4643 635 4693; x_wconf 84' lang='lat' dir='ltr'><strong><em>iuret</em></strong></span> <span class='ocrx_word' id='word_1_346' title='bbox 654 4647 686 4693; x_wconf 83' lang='lat' dir='ltr'><strong><em>lt.</em></strong></span> <span class='ocrx_word' id='word_1_347' title='bbox 741 4640 762 4674; x_wconf 88' lang='lat'><strong><em>¹⁴</em></strong></span> <span class='ocrx_word' id='word_1_348' title='bbox 780 4640 896 4692; x_wconf 83' lang='lat' dir='ltr'><strong><em>Catonia</em></strong></span> <span class='ocrx_word' id='word_1_349' title='bbox 917 4639 1036 4690; x_wconf 88' lang='lat' dir='ltr'><strong><em>censorii</em></strong></span> <span class='ocrx_word' id='word_1_350' title='bbox 1055 4637 1254 4704; x_wconf 69' lang='lat' dir='ltr'><strong><em>eloquentiam</em></strong></span> <span class='ocrx_word' id='word_1_351' title='bbox 1275 4644 1327 4697; x_wconf 74' lang='lat' dir='ltr'><strong><em>ita</em></strong></span> <span class='ocrx_word' id='word_1_352' title='bbox 1346 4647 1466 4711; x_wconf 58' lang='lat' dir='ltr'><strong><em>laudet,</em></strong></span> <span class='ocrx_word' id='word_1_353' title='bbox 1484 4651 1510 4697; x_wconf 77' lang='grc' dir='ltr'><strong><em>ιι</em></strong></span> 
     </span>
     <span class='ocr_line' id='line_1_44' title="bbox 187 4724 1084 4793; baseline 0 -20"><span class='ocrx_word' id='word_1_354' title='bbox 187 4725 340 4791; x_wconf 87' lang='lat' dir='ltr'><strong><em>simplicius</em></strong></span> <span class='ocrx_word' id='word_1_355' title='bbox 357 4728 426 4780; x_wconf 89' lang='lat' dir='ltr'><strong><em>illud</em></strong></span> <span class='ocrx_word' id='word_1_356' title='bbox 444 4728 524 4781; x_wconf 84' lang='lat' dir='ltr'><strong><em>‘iacit</em></strong></span> <span class='ocrx_word' id='word_1_357' title='bbox 543 4728 708 4779; x_wconf 77' lang='lat' dir='ltr'><strong><em>exercitatio</em></strong></span> <span class='ocrx_word' id='word_1_358' title='bbox 727 4727 898 4793; x_wconf 69' lang='lat' dir='ltr'><strong><em>magistrum*</em></strong></span> <span class='ocrx_word' id='word_1_359' title='bbox 917 4724 1084 4791; x_wconf 85' lang='lat' dir='ltr'><strong><em>scripsisset.</em></strong></span> 
     </span>
    </p>
   </div>
   <div class='ocr_carea' id='block_1_11' title="bbox 0 0 1668 5408">
    <p class='ocr_par' dir='ltr' id='par_1_13' title="bbox 0 0 1668 5408">
     <span class='ocr_line' id='line_1_45' title="bbox 0 0 1668 5408; baseline 0 0"><span class='ocrx_word' id='word_1_360' title='bbox 0 0 1668 5408; x_wconf 95' lang='lat' dir='ltr'><strong><em> </em></strong></span> 
     </span>
    </p>
   </div>
  </div>
 </body>
</html>
