3294 5408
384 390 506 431 narrum
520 389 556 430 ro
569 389 702 429 casinen
717 388 927 428 naxiummrra
941 387 1162 431 eeiurnrnrrru
1176 388 1269 429 crocu.
1394 358 1467 437 209

338 545 366 604 6.
741 550 791 599 nr:
810 548 955 611 norrun

383 668 447 730 Non
469 671 578 730 mirum
601 677 645 731 est
666 670 689 728 si
713 672 770 729 ianr
793 670 956 729 cunctatrix
978 670 1129 746 spernitur
1151 667 1233 739 Ales,

466 771 539 832 Tam
561 770 639 832 lenta
662 771 761 832 multis
784 789 835 831 usa
859 772 956 849 quiete
979 770 1058 832 dies:

382 872 455 934 Nam
471 892 567 953 neque
583 882 768 952 compertum
784 881 828 933 est
843 874 927 951 quid,
944 873 1013 933 ‹lnm
1030 880 1120 943 tacet,
1137 871 1184 934 illa
1199 871 1321 941 volutet,

355 997 368 1036 i
468 976 539 1048 Ona
561 975 616 1037 sibi
639 977 795 1037 constituat
817 983 966 1053 tempora,
990 975 1094 1054 quidne
1117 984 1210 1055 paret.

335 1159 362 1219 7.
718 1164 766 1213 ΗΕ
786 1163 924 1213 EADEM.

380 1280 463 1343 Hanc
480 1280 645 1351 volucrem,
669 1301 733 1362 quse
750 1300 829 1342 nunc
851 1284 915 1344 sine
937 1281 1014 1343 bello
1038 1290 1066 1344 et
1088 1282 1240 1360 sanguinis
1262 1298 1318 1342 usu

464 1385 570 1445 Pacem
592 1385 695 1446 hahuit
717 1384 826 1445 multos
847 1386 1016 1464 senrisopita
1038 1385 1116 1456 dies,
1165 1465 1170 1475 ἱ

380 1486 410 1547 Si
433 1488 499 1566 quis
520 1487 642 1549 adortus
664 1490 721 1549 erit
743 1506 798 1548 nec
820 1488 919 1549 siverit
941 1506 1005 1549 esse
1028 1488 1171 1567 quietam,

354 1610 367 1648 s
467 1588 654 1668 Dispeream,
678 1588 754 1651 urale
777 1590 807 1649 ni
822 1589 964 1651 'consulet
985 1588 1035 1651 ille
1057 1589 1129 1651 sibi:

380 1691 446 1752 Nou
469 1699 514 1752 est
534 1693 589 1754 iste
612 1711 719 1771 sopor,
743 1712 778 1754 ex
802 1712 859 1772 quo
882 1710 942 1753 non
964 1709 1088 1771 surgere
1110 1694 1218 1771 possit:

465 1794 549 1873 Sepe
571 1793 714 1856 lacessire
737 1801 778 1856 est
802 1794 858 1855 alta
881 1794 975 1856 soluta
998 1796 1096 1874 quies,

382 1897 476 1975 Atque
499 1896 551 1957 ubi
573 1899 667 1974 surgit
690 1897 796 1965 humo,
822 1914 875 1973 per
897 1905 1074 1976 apertasque
1097 1896 1191 1958 evolat
1213 1912 1318 1963 aurae,

352 2015 367 2057 s
465 1998 529 2060 Heu
553 2007 678 2079 quantos
700 2000 810 2060 circum
834 2002 961 2060 corruitat
982 1997 1029 2059 illa
1053 1999 1163 2061 metus!

334 2180 361 2239 8·
519 2187 567 2237 AD
587 2186 754 2249 AQVILAM
772 2187 820 2235 tri:
840 2186 944 2236 MOTV
962 2186 1133 2237 CAESARIS.

381 2305 533 2381 ‘Armiger
555 2305 613 2367 atte
635 2306 725 2373 loris,
750 2306 851 2366 nrrtndi
872 2308 976 2376 timor,
1001 2304 1106 2386 inclyta
1128 2306 1234 2376 virtus,

465 2406 561 2477 ‘Quos
582 2410 645 2468 ruis
667 2409 697 2469 in
719 2407 864 2488 populos?

381 2508 460 2579 ‘Quo
482 2528 514 2571 se
536 2512 614 2573 mitis
636 2528 735 2580 amor,
759 2529 818 2590 quo
840 2530 872 2571 sc
896 2508 1049 2572 cienrentia
1073 2511 1174 2580 vertit,

354 2630 363 2669 r
466 2612 611 2693 ‘Quaeque
633 2614 687 2674 tuit
709 2613 820 2692 pietas?

380 2715 485 2774 ‘Arrrra
508 2717 583 2795 gerit
606 2715 749 2786 mundus,
772 2732 828 2793 pax
852 2722 897 2777 est
919 2713 1035 2776 turbata
1058 2733 1111 2794 per
1134 2732 1251 2785 omnes,

464 2818 639 2897 ‘Priscaque
661 2823 746 2895 rupta
771 2819 869 2895 quies:
1257 2800 1264 2815 ⁸

380 2917 484 2978 ‘Movit
507 2937 593 2980 causa
617 2921 710 2986 viros,
735 2919 900 2979 furibundae
922 2921 952 2979 in
975 2919 1073 2999 proelia
1097 2927 1199 2997 gentes

355 3041 367 3077 s
469 3020 528 3083 ‘Te
551 3021 627 3082 duce
649 3019 725 3081 bella
748 3028 870 3099 geruum

380 3122 441 3183 ‘Ira
465 3124 555 3184 duces
578 3131 607 3184 et
629 3122 717 3184 caulis
740 3141 839 3192 amor,
864 3122 976 3185 fastidia
1000 3125 1080 3202 pacis

464 3227 543 3288 una
566 3227 657 3287 iniero
680 3234 756 3287 tuos.

380 3326 503 3407 'lrrclyte
527 3336 673 3389 terrenum
697 3328 818 3398 ductor,
841 3345 909 3406 spos
930 3345 1043 3387 summa
1067 3335 1202 3395 tuorum.

343 3449 367 3488 n
467 3429 546 3492 ‘Alte
569 3449 669 3498 ariror,
693 3428 749 3491 alte
771 3432 875 3500 timor,

382 3529 479 3601 ‘Quos
501 3532 592 3592 trahis
616 3540 736 3594 eventus
758 3532 874 3593 animo?
897 3550 969 3611 quas
991 3532 1122 3611 concipis
1144 3533 1218 3602 iras,

465 3634 568 3696 ‘Cuive
591 3653 700 3697 nocere
724 3636 828 3714 paras?

379 3734 474 3806 ‘Quos
495 3737 601 3814 affligis
624 3739 714 3816 ones?
737 3746 786 3799 ant
808 3737 903 3817 quoti,
927 3738 1085 3800 fortissime
1107 3753 1229 3814 regum,

340 3857 365 3898 is
466 3840 611 3901 ‘liestruis
634 3840 809 3919 imperium?

379 3942 436 4001 ‘An
460 3941 584 4001 mortale
607 3943 664 4002 tuis
686 3944 770 4020 quoius
792 3944 1001 4021 requiescitur
1024 3941 1076 4004 alis

462 4042 520 4103 ‘Te
543 4042 708 4122 fruiturque
731 4045 859 4121 genusi'

376 4144 446 4205 Haec
469 4146 621 4224 quisquam
645 4146 717 4206 irata
740 4147 920 4226 ninriumquc
943 4165 1052 4208 nocere
1075 4155 1197 4225 parante

338 4266 364 4306 so
464 4248 583 4317 Ouaesiit
605 4267 640 4309 er
663 4247 781 4327 Aquila:

175 4398 377 4410 ——-—-

242 4502 267 4551 u.
285 4501 296 4531 ³
314 4502 447 4563 besides,
467 4503 584 4565 inertes,
604 4504 700 4569 ignari
718 4504 801 4565 nihil,
826 4504 888 4553 dum
907 4508 1019 4568 tacent,
1043 4503 1185 4565 volutent,
1207 4504 1311 4553 nullum
1329 4503 1384 4552 sibi
1403 4518 1467 4554 corr·

174 4587 295 4637 stituuut
312 4593 432 4656 tempus,
452 4588 490 4638 nil
509 4593 617 4655 purant.

241 4670 266 4722 8.
291 4688 316 4721 o.
335 4672 405 4723 1513.
419 4679 481 4739 post
498 4673 631 4724 Blesonse
655 4675 727 4723 inter
744 4675 913 4726 Ludoricum
932 4675 1106 4739 Venetosque
1124 4675 1223 4725 initum
1246 4673 1335 4725 ioedus
1353 4672 1409 4740 (ap.
1423 4674 1468 4724 Du

174 4757 252 4807 Mont
270 4757 384 4807 Reoueil
402 4757 450 4808 des
469 4760 567 4808 treitez
582 4759 618 4810 11.
632 4775 657 4824 p.
671 4756 713 4810 38.
727 4760 779 4826 sq.)
849 4759 907 4810 Hoc
924 4763 1006 4825 epiqr.
1019 4761 1089 4812 omis.
1104 4764 1129 4812 3.

234 4842 362 4893 livarrou
382 4843 451 4894 One.
475 4860 539 4895 vor..
558 4844 607 4894 111.
1209 4850 1245 4907 14
