3294 5408
700 400 822 437 HVTTBM
836 403 884 438 VIR
898 404 995 440 BONVS.

407 553 495 615 Plora
518 573 572 634 ego
595 556 716 635 perficio
739 556 834 618 verbis
857 561 1050 638 gravioraque
1073 559 1163 620 inuito

356 673 380 712 so
490 655 582 726 Quam
605 659 655 735 qui
678 658 803 720 terribili
826 664 956 721 concutit
977 680 1058 722 arma
1081 681 1179 722 manu.

406 758 430 816 o
453 757 540 819 Parte
562 758 615 820 alia
639 763 741 841 capitis
764 761 926 822 radiantem
948 763 1053 824 molior
1076 783 1192 833 ensem,

488 861 610 922 lustieiae
632 864 780 942 specimen
803 866 1013 944 materiamque
1036 885 1124 927 rneae:

404 962 491 1040 Siqua
515 966 611 1025 miuus
634 964 730 1026 verbis
753 973 872 1044 potero,
897 970 923 1027 ri
945 968 1052 1045 iungor
1074 976 1190 1046 aperta,

353 1082 390 1123 roo
485 1063 599 1144 Quique
623 1067 692 1127 nihii
716 1070 802 1130 iussis
823 1071 935 1148 paruit,
960 1088 1028 1129 ense
1052 1069 1111 1134 luit.

402 1166 475 1227 Dum
499 1170 595 1244 gravis
618 1169 695 1229 iliata
718 1179 763 1231 est
784 1173 875 1248 raptis
897 1171 998 1232 iniuria
1022 1155 1126 1241 rebus,

484 1269 549 1330 Non
571 1272 628 1330 nisi
650 1272 783 1333 consulto
805 1281 925 1351 pectore
948 1273 1022 1333 belia
1044 1292 1124 1351 gero.

400 1370 463 1431 Non
487 1371 592 1450 opibus
615 1392 720 1450 parco,
743 1394 828 1454 poena
851 1374 1015 1454 perfungor
1036 1377 1154 1444 cartem,

349 1491 385 1532 ror
481 1474 547 1534 Sive
569 1474 677 1536 haheat
698 1477 778 1538 dires
801 1479 940 1547 crirnina,
963 1480 1024 1539 sive
1046 1479 1144 1539 iniser.

399 1575 423 1633 o
447 1574 538 1644 Quale
560 1577 605 1637 roi
627 1585 671 1638 ost
694 1581 778 1659 cygni
800 1579 924 1650 collum,
949 1579 993 1640 vel
1015 1579 1102 1658 qualo
1124 1579 1257 1647 colubri.

483 1678 533 1738 Est
555 1680 640 1747 milri,
664 1681 742 1760 quod
765 1685 870 1759 spaciis
893 1684 1013 1761 protero
1036 1690 1140 1742 cuncta
1163 1685 1237 1744 suis:

397 1778 491 1839 'sarda
515 1780 635 1860 loquor,
659 1784 795 1844 rncditata
819 1786 916 1863 prins,
940 1784 1012 1845 nihii
1035 1784 1129 1858 acideo
1153 1784 1264 1852 vernis,

316 1941 322 1953 ,
347 1898 382 1938 roa
478 1882 575 1952 Tunc,
600 1883 649 1945 ubi
671 1885 835 1946 consuiturn
859 1892 902 1945 est
925 1886 1012 1947 edere
1034 1886 1139 1954 rerba,
1163 1885 1277 1965 loquor,

396 1985 496 2064 Siquid
519 1987 597 2066 apud
620 2007 745 2068 superos
766 2007 835 2058 oro,
858 1987 926 2048 dicct
948 1987 1084 2047 oninibus
1106 1987 1176 2048 iilud

479 2089 588 2151 Audire
610 2099 639 2150 ct
661 2085 751 2150 ciricis
774 2091 943 2168 exposuisse
968 2091 1044 2157 riro;

395 2189 455 2252 Nec
477 2191 626 2252 reticenda
650 2192 712 2252 deis
734 2192 845 2253 homini
868 2191 988 2273 loquor,
1012 2191 1140 2270 undique
1164 2210 1249 2252 verus

345 2306 381 2347 ¹1²
477 2293 511 2353 Et
533 2295 597 2355 sine
619 2294 778 2372 posthabiti
800 2296 963 2371 suspitione
983 2293 1051 2354 doli.

392 2395 418 2454 u
440 2393 545 2455 Pectus
567 2395 655 2457 habet
677 2396 777 2476 Libyci
799 2404 886 2473 caput
908 2405 937 2456 et
958 2403 1039 2455 torva
1063 2414 1113 2482 ora
1136 2394 1247 2464 leonia,
1276 2380 1286 2399 ⁸

475 2497 508 2557 ln
530 2499 646 2576 quosvis
668 2516 752 2559 casus
775 2498 858 2558 iortia
882 2499 970 2557 corda
993 2516 1080 2574 gero:

391 2598 455 2658 Non
478 2618 525 2659 ine
548 2607 671 2661 rersutae
692 2618 825 2680 praeceps
847 2601 967 2661 audacia
990 2599 1109 2678 linguae,

341 2720 377 2758 no
472 2701 536 2773 Non
559 2711 672 2763 terrent
693 2704 796 2780 quovis
818 2701 893 2763 belia
917 2703 1023 2762 rninata
1046 2702 1143 2761 inodo.

390 2802 484 2864 Fortis
507 2805 535 2863 in
558 2806 687 2866 adversis
709 2808 840 2865 anirnoso
863 2805 971 2864 robore
993 2804 1115 2881 fungor,

472 2906 510 2967 Ut
531 2906 622 2986 paicae
644 2907 739 2968 stolidi
761 2914 828 2968 sunt
852 2906 923 2967 inihi
946 2904 1020 2966 helia
1044 2906 1106 2964 riri.

388 3006 494 3070 Pectus
516 3009 593 3069 ideur
617 3010 760 3078 adversis,
784 3009 886 3070 eadern
909 3009 1050 3068 sententia
1074 3006 1178 3074 rebus,

335 3128 373 3168 rao
467 3109 538 3182 Onu
561 3113 699 3173 fortunati
720 3113 861 3190 ternporis
883 3129 947 3172 esse
969 3109 1052 3169 solet.

303 3277 305 3283 ,
386 3213 410 3271 o
433 3213 488 3274 Pes
510 3214 596 3282 mihi,
621 3212 714 3294 qualis
737 3221 799 3274 crat
821 3213 995 3292 quandoque
1019 3211 1242 3289 Erymanthidos
1265 3232 1356 3286 ursae,

467 3316 562 3387 Quarn
584 3316 665 3377 dedit
686 3317 794 3376 Arctoo
817 3315 946 3394 iuppiter
969 3314 1030 3391 ipse
1053 3312 1137 3392 polo:

385 3418 439 3477 Pes
461 3416 551 3488 latus,
574 3421 714 3499 qnoniaru
737 3421 828 3477 tirrnre
851 3418 1015 3477 constantia
1039 3419 1144 3476 inentis

334 3537 369 3576 aar
465 3519 590 3582 Debebit
610 3522 678 3581 iusti
700 3520 789 3580 rebus
812 3520 914 3580 adesse
937 3520 1000 3578 viri.

382 3620 537 3702 Nunquam
560 3623 649 3682 anirni
671 3621 780 3683 ruiturn
803 3628 901 3691 inuio,
924 3621 980 3681 nisi
1003 3629 1135 3698 tempora
1157 3627 1293 3698 poscant,

465 3722 626 3801 Tempore,
650 3742 710 3783 non
731 3723 835 3793 rebus,
859 3725 970 3785 sanctio
992 3730 1091 3783 nostra
1115 3723 1201 3783 cadit.

380 3825 463 3902 Saepe
486 3826 571 3885 rninis
594 3833 706 3895 tentor,
730 3845 893 3906 rnaneoque
916 3828 1053 3887 inrnrotus
1076 3823 1112 3883 ab
1136 3823 1206 3894 iliis,

330 3946 366 3985 na
460 3929 508 3987 Sic
530 3928 640 3988 Boreas
663 3927 762 3988 validis
784 3928 903 3988 incubet
924 3926 1089 3988 arboribus,

378 4029 458 4090 nodo
481 4030 558 4108 quod
582 4029 686 4091 oblatis
707 4030 808 4091 eauen
832 4048 902 4107 gero
925 4039 1044 4108 pectora
1067 4029 1166 4097 donis,

462 4129 532 4200 Quae
554 4138 651 4193 tamen
674 4133 704 4192 in
728 4130 812 4210 vulgo
834 4149 911 4211 supe
934 4130 1029 4193 raicre
1052 4129 1155 4190 soient.

378 4235 402 4293 u
425 4234 529 4295 Dextra
554 4240 634 4295 tenet
656 4232 769 4295 clausos
792 4232 904 4295 loculos
927 4236 1098 4312 coriumque
1120 4235 1299 4293 revinctum·

326 4358 364 4397 rra
459 4334 523 4396 Non
547 4334 644 4396 tribuo
667 4337 722 4395 nisi
746 4336 823 4415 qumi
848 4336 948 4414 iusque
972 4337 1120 4415 decusque
1142 4334 1260 4404 iubent;

173 4456 374 4465 -.—-...—-—-

240 4505 262 4539 ²⁸
276 4506 405 4556 concedit
417 4508 440 4555 1.
476 4506 497 4538 ⁰⁸
510 4506 626 4556 Iustitiae
637 4509 661 4556 2.
675 4522 732 4572 sqq.
768 4503 887 4571 speciem
900 4508 958 4556 edd.
973 4513 1020 4556 net.
1034 4523 1064 4555 m.
1078 4521 1147 4556 corr.
1186 4505 1217 4538 ¹⁰⁰
1230 4505 1459 4568 Cuiq31.redou-

173 4594 243 4657 liquo
259 4607 345 4641 amaa
363 4608 431 4641 corr.
446 4592 479 4653 Q.
528 4590 560 4623 ¹⁰³
572 4604 633 4654 pano
646 4595 668 4640 1.
719 4590 750 4623 ¹⁰⁶
768 4592 866 4657 spatiis
880 4594 903 4640 6.
912 4595 934 4639 7.
983 4591 1014 4623 ¹⁰⁸
1034 4591 1123 4640 aedero
1138 4594 1197 4640 23.
1252 4589 1282 4622 ¹¹²
1301 4590 1458 4654 suspicione

172 4679 266 4742 2.rqq.
303 4674 335 4708 ¹¹³
352 4677 444 4726 Libici
459 4679 480 4728 1.
511 4677 718 4741 Lybici2.rqq.
755 4676 923 4740 Liby-eim.
962 4674 992 4707 ¹¹⁵
1011 4691 1127 4741 preceps
1145 4675 1260 4725 audatia
1273 4678 1297 4723 1.
1336 4672 1457 4725 ¹²¹0vio.

171 4760 255 4812 Triat.
269 4762 291 4811 1.
305 4762 329 4824 4,
346 4770 363 4810 t.
409 4760 630 4826 ¹²¹1npitord.7.
677 4760 708 4792 ¹¹⁷
726 4763 797 4825 Sepe
814 4763 835 4811 1.
880 4759 911 4791 ¹²⁸
931 4760 1113 4811 incubutdff.
1159 4758 1193 4793 ¹³⁰
1210 4761 1269 4821 Qne
1283 4763 1308 4810 1.
1357 4758 1420 4824 sepe
1433 4762 1456 4809 1.

1256 2676 1267 2704 4
