3294 5408
497 395 621 433 ararent
634 396 671 433 oe
684 395 757 433 aare
770 396 1009 434 vensrrrcuronu
1022 395 1117 432 uranu.
1420 365 1469 439 99

296 570 335 615 ιιι
348 551 462 614 Mser
482 549 617 631 exemplo
639 559 700 623 cst,
722 554 848 628 quoesioi
868 559 912 622 et,
934 549 1043 625 lector,
1066 553 1174 613 umori.

350 654 377 713 tt
397 652 501 732 Longa
521 655 607 715 velun
628 661 744 732 nmque
766 655 777 715 i
796 654 922 722 iaciunt,
945 653 988 715 sic
1010 654 1092 715 terte
1113 655 1244 715 uruntur.
1401 653 1473 734 lton]

350 753 463 816 Passim
485 753 555 816 olibi
570 754 674 844 ,brevis
697 763 742 816 est
764 757 923 817 crementis
944 754 998 816 ista
1020 754 1168 817 secundis.
1280 762 1289 775 ‘

349 855 380 918 0
401 874 520 935 semper
541 855 663 933 longum
686 864 745 925 est,
769 856 867 918 brevis
889 876 906 917 u
929 855 1131 918 crescentibus
1152 861 1236 917 astat
1391 855 1437 938 {ro
1451 875 1474 918 n

350 955 510 1019 mmmm
526 963 559 1020 ut
580 957 676 1028 dicas,
698 963 813 1034 leniente
835 966 865 1020 ct
885 958 951 1020 talia
976 964 1091 1019 cuncta.

299 1059 377 1120 too(
398 1057 505 1123 Ultima
527 1059 685 1122 dicendum
708 1066 753 1122 est
774 1068 882 1140 quanta
905 1066 984 1121 extet
1004 1057 1116 1140 syllaba
1137 1058 1202 1120 roci
1360 1057 1473 1144 23:35¹·

352 1158 491 1223 Cuilibet:
514 1161 544 1222 in
566 1162 670 1241 primis
691 1161 856 1242 mediisque
879 1160 1023 1239 vagabere
1045 1161 1169 1239 passim:

351 1259 441 1323 blulta
462 1260 564 1339 legens
587 1261 666 1337 (nam
688 1265 755 1342 quis
776 1263 913 1326 diliusam
936 1263 1099 1340 comperiet
1121 1281 1184 1324 rem
1235 1276 1237 1281 ·

351 1363 444 1443 lnquc
466 1381 556 1425 novas
578 1362 660 1443 leges
682 1366 796 1445 cogeti)
818 1363 932 1444 probus
954 1373 1040 1426 autor
1062 1365 1092 1424 in
1114 1362 1181 1424 illo'

350 1464 458 1527 Sudari
478 1466 589 1528 frustra
610 1472 709 1545 putat:
732 1466 810 1527 baud
834 1485 889 1546 ego
912 1482 1066 1527 murmure
1082 1465 1177 1543 longo
1224 1463 1227 1470 '

299 1584 336 1626 tes
350 1565 486 1629 Sustineo
508 1585 701 1648 quemquem
724 1567 822 1646 placet
843 1568 941 1628 omnia
963 1567 1063 1629 dicere
1084 1569 1188 1646 paucis
1292 1613 1294 1616 -

351 1665 423 1739 Quae
444 1677 507 1731 rata
530 1671 589 1730 sint
610 1667 709 1731 verbis
731 1676 760 1729 et
781 1675 811 1731 te
833 1667 976 1731 brevitate
997 1669 1113 1737 iuvarc;
1154 1735 1158 1742 ,

351 1768 407 1842 Qui
429 1768 500 1832 velit
520 1769 585 1832 bec
607 1770 717 1832 scribut
738 1764 887 1850 longoque
908 1776 1029 1848 accepta
1050 1768 1153 1831 labore

352 1870 491 1949 Coblgut,
515 1878 545 1934 et
565 1871 665 1934 multis
686 1870 798 1934 dociles
818 1870 1006 1934 sermonibus
1027 1889 1115 1933 aures

350 1972 479 2045 lbubet,
501 1972 553 2035 ubi
575 1981 673 2035 tamen
694 1973 773 2036 banc
795 1992 946 2054 nunqnam
968 1975 1037 2036 sutis
1060 1971 1185 2051 explicet
1206 1978 1310 2037 artem.
1372 2054 1375 2059 ἡ

297 2074 378 2134 roo(
399 2073 560 2137 Ordinibus
582 2077 696 2137 cunctis
718 2077 862 2156 genitivus
883 2074 989 2154 longus
1009 2073 1147 2136 babetur.
1235 2128 1240 2139 .
1321 2059 1475 2156 mim]

350 2165 393 2255 3·
415 2175 513 2239 brevis
535 2186 580 2240 est
600 2185 708 2247 ternam
731 2176 879 2258 prolixum
901 2194 979 2256 ponc
1000 2177 1145 2247 dativum,
1205 2164 1210 2181 ’

351 2275 432 2339 Pone
453 2277 627 2349 ablatirum;
650 2280 702 2342 sed
726 2297 739 2338 r
760 2280 864 2342 tertius
886 2280 994 2357 excipit
1015 2278 1098 2340 ordo.

351 2375 460 2440 Plurali
482 2389 583 2444 rectus
601 2400 729 2461 cumque
751 2386 909 2443 accusante
932 2375 1052 2442 vocator

351 2478 471 2559 Longos
493 2482 563 2552 erit,
587 2501 766 2563 quamquem
789 2490 834 2544 est
855 2483 970 2572 neutpis
992 2480 1089 2544 brevis
1111 2482 1250 2543 omnibus
1271 2500 1351 2544 usus.

298 2600 336 2642 aot
350 2581 473 2644 Casibus
494 2584 520 2644 is
540 2583 662 2664 longum
685 2591 742 2654 est,
765 2583 817 2645 sed
840 2589 890 2646 trs
911 2583 1002 2646 breve
1023 2600 1101 2664 pone
1124 2581 1249 2645 duobtis.

351 2684 378 2743 Ε
398 2683 485 2754 Quod
507 2685 599 2748 semel
621 2688 745 2765 exposui
767 2685 912 2764 generali,
936 2686 1074 2755 candide,
1098 2685 1194 2756 dicto,
1223 2758 1226 2762 ¹

349 2783 411 2846 lam
431 2787 502 2848 satis
524 2795 582 2856 est,
605 2786 716 2859 lector,
737 2805 833 2875 neque
855 2788 934 2850 eninr
954 2805 1009 2866 per
1029 2786 1117 2866 longa
1140 2787 1291 2850 morabor.

351 2887 378 2946 Ε
399 2882 436 2959 ὦ
458 2889 509 2949 lini
532 2888 653 2966 longum
676 2897 735 2959 est,
758 2889 809 2950 sed
833 2908 919 2951 casus
941 2890 1063 2967 corripit
1085 2889 1155 2951 illud
1423 2888 1471 2974 l·-

351 2987 462 3051 Praeter
483 2989 641 3052 ablativum
664 2991 812 3071 Graioque
834 3010 870 3053 ex
893 2991 1011 3052 nomine
1034 2992 1184 3070 quintum:

298 3107 336 3149 aro
354 3090 455 3162 diod,
477 3093 519 3152 tro
540 3090 585 3157 uel
606 3094 692 3169 quid,
717 3111 784 3154 cum
803 3093 941 3166 fnestra,
962 3093 1050 3168 potii,
1074 3094 1162 3153 mixta
1184 3091 1338 3169 leguntum

351 3191 452 3271 Longa
474 3200 573 3256 tamen
595 3194 702 3263 crebro
722 3198 808 3271 pinio
831 3196 1027 3256 communiter
1049 3196 1107 3255 exit

351 3292 408 3363 Oui
428 3294 493 3356 tlnit
514 3314 672 3365 uumerns;
696 3295 786 3359 breve
807 3297 1029 3373 quadrinqeotli
1050 3293 1194 3364 manebit,

351 3394 389 3455 Et
409 3397 435 3456 si
452 3397 531 3476 quod
554 3397 649 3459 simile
671 3406 731 3460 est:
754 3401 841 3460 toties
863 3399 926 3458 ltaec
948 3395 1049 3476 regula
1073 3395 1152 3457 lallit.

351 3497 376 3556 t
398 3495 426 3558 C
447 3496 544 3560 brevis
565 3507 624 3568 cst,
648 3500 758 3562 Graecis
779 3498 933 3561 muliebria
956 3497 1042 3578 longa
1067 3499 1211 3574 feruntur.
1443 3518 1467 3554 ι.

297 3617 335 3658 ns
348 3597 398 3673 Sic
419 3617 484 3678 qnae
506 3619 521 3661 o
543 3602 625 3661 litrito
648 3603 768 3663 vettiunt
788 3600 924 3663 adverbia
948 3618 1019 3662 casn

350 3698 496 3771 Deducta,
518 3708 552 3762 ut
565 3704 696 3780 pulchre
717 3703 865 3783 longoque
888 3722 901 3763 r
923 3702 1013 3765 rerba
1034 3700 1190 3772 secunde,

351 3799 425 3863 Cum
446 3808 542 3879 quere
562 3804 677 3882 produc
692 3805 851 3885 [muneque
870 3805 998 3884 fereque
1017 3803 1162 3884 fumique

351 3902 388 3964 Et
408 3902 627 3984 monosyllabm
649 3906 701 3967 sed
723 3906 764 3967 nt
782 3906 895 3977 brevis,
918 3906 989 3967 dum
1012 3913 1152 3967 connotat
1175 3903 1241 3975 ‘an',
1264 3904 1312 3973 tlt;

177 4054 379 4067 ——

242 4139 278 4175 ¹⁸⁸
294 4141 392 4208 qtttllttl
410 4145 435 4193 1.
501 4142 534 4176 ¹⁸⁸
552 4143 625 4208 sian
644 4147 668 4194 4.
725 4140 748 4208 ἰ]
768 4142 791 4194 o
808 4146 834 4216 2=
894 4134 963 4194 ‘let
983 4140 1048 4209 [jot]
1068 4143 1167 4192 addidi.
1225 4139 1258 4173 ¹⁸⁷
1275 4141 1311 4194 tu
1330 4141 1422 4192 brevis
1440 4142 1471 4193 fit

175 4224 377 4277 medentibus
395 4225 459 4277 aliis
475 4226 606 4291 syllabis,
630 4232 660 4276 ut
682 4230 859 4279 memmimus.
922 4226 954 4262 ¹⁸⁸
973 4229 1145 4280 crescentius
1163 4228 1190 4276 2.
1248 4223 1281 4259 ¹⁹⁰
1296 4232 1426 4280 bumbulo
1446 4231 1469 4279 1.

175 4314 255 4361 extat
271 4311 298 4360 2.
352 4307 385 4344 ¹⁰¹
402 4311 546 4378 vagabere
564 4314 589 4366 2.
643 4310 676 4344 ¹⁸⁸
693 4316 789 4362 auctor
807 4316 881 4364 219.
901 4313 999 4364 author
1017 4315 1042 4364 4.
1096 4309 1129 4343 ¹⁹⁵
1147 4310 1239 4360 omnin
1252 4312 1277 4359 2.
1329 4307 1362 4342 2⁰¹
1378 4313 1470 4375 panto,

172 4399 252 4460 put.
302 4392 338 4428 ¹¹⁸
354 4400 453 4461 nond,
472 4398 584 4458 mutuo,
601 4397 701 4460 fructui.
720 4397 769 4446 sed
786 4394 863 4462 pand.
928 4397 1014 4461 exipit
1031 4399 1057 4445 2.
1122 4392 1156 4426 ²⁰⁸
1175 4399 1290 4444 uocetur
1308 4396 1333 4443 4.
1392 4391 1426 4426 ¹⁰⁵
1444 4401 1472 4445 ta

174 4478 310 4543 deliniet
328 4479 459 4543 ablativi,
476 4482 527 4531 aed
542 4480 591 4532 tes
658 4478 691 4545 it]
712 4482 740 4529 in
759 4484 799 4531 17.
868 4479 902 4513 ¹⁰⁰
919 4481 1001 4544 Uener
1020 4482 1043 4528 1.
1108 4475 1151 4543 ex]
1171 4493 1220 4528 eus
1239 4468 1280 4527 17.
1333 4477 1468 4544 quintum]

174 4565 321 4616 ecculm
371 4562 539 4630 ¹¹⁰irustrd,
559 4564 624 4631 putei
642 4568 667 4615 4.
719 4563 753 4596 ²¹³
771 4568 809 4628 bat
828 4567 851 4615 1.
903 4560 937 4596 ¹¹⁴
953 4564 1032 4627 ureris
1049 4566 1110 4628 4.η
1162 4560 1196 4594 ¹¹⁵
1213 4565 1296 4628 nuel.
1348 4562 1432 4612 iinitoe
1443 4565 1470 4613 2.

176 4644 209 4680 ²⁸⁰
224 4647 321 4714 pulcre
339 4652 380 4700 11.
444 4649 542 4716 [trumo
560 4653 617 4699 Μ.
674 4646 708 4681 ²¹⁷
726 4649 839 4714 iremdqj
858 4651 882 4698 4.
940 4646 1376 4717 ²¹⁸otsnufpllubo1.etqnortum
1392 4649 1431 4698 aie
1446 4664 1470 4700 o.

179 4733 237 4783 m.
253 4739 281 4783 ue
296 4748 406 4799 anper.
456 4733 494 4800 tre
510 4738 534 4785 1.
586 4734 624 4786 m
640 4738 666 4784 ι.
700 4722 701 4726 ’
1420 4732 1433 4756 ‘

1193 4817 1242 4879 U
