3294 5408
165 341 238 410 441)
260 369 431 404 ειεντιιειιιι
447 370 549 404 suanm
564 369 725 404 rnrvuenvs
740 370 877 405 oocaoms
890 371 1032 406 sevonum
1047 373 1317 409 s.1oa.cnrurours
1335 376 1493 412 tricentos.

316 547 354 587 sos
369 526 426 584 dut
448 525 591 602 siquando
614 523 717 583 nemos
739 525 810 584 lariti
833 525 971 602 lugubria
995 528 1082 605 tergit

352 622 390 686 'E
414 624 522 704 populo
546 626 701 705 quisquam
726 626 769 686 rel
792 626 829 687 de
854 627 1028 689 mulieribus
1050 629 1128 699 istis,

368 728 443 788 'l’unr
467 725 592 788 sublime
615 736 703 806 caput
726 729 946 808 turrieloctaque
971 729 1100 791 nubibus
1122 733 1219 792 ellers

370 828 465 890 Labra
488 835 589 899 terius,
614 828 788 908 plaudisque
811 848 902 891 mann
926 831 1065 911 mollique
1086 833 1269 912 triumphas

369 931 513 991 Continuo
536 937 635 1008 gestu,
659 937 730 992 tunc
753 939 781 992 te
804 931 868 992 baec
890 942 1027 1011 suggesta
1050 941 1200 1013 tuumque

318 1056 356 1096 no
371 1033 421 1092 Vix
446 1032 524 1112 capit
546 1032 603 1093 lroe
617 1051 765 1115 regnum,
789 1041 861 1095 tunc
885 1042 914 1095 tu
939 1037 1035 1096 omnia
1059 1054 1131 1097 voce
1153 1035 1293 1099 lacessis

371 1134 535 1213 Omniaque
558 1153 705 1212 exuperas
727 1142 757 1197 et
779 1139 896 1197 inanem
920 1138 1050 1214 percutis
1072 1155 1199 1209 auram,

371 1236 455 1296 l'unc
478 1243 509 1297 tu
532 1237 625 1297 victor·
643 1256 712 1298 ovas
735 1246 764 1298 et
786 1246 925 1317 tanquam
949 1259 965 1300 e
988 1238 1069 1299 caede
1091 1243 1213 1302 receuti

370 1337 471 1398 l'oscis
493 1345 570 1399 serta
594 1340 688 1400 redux
712 1339 847 1420 laurique
870 1360 886 1401 e
908 1342 1015 1402 fronde
1037 1359 1200 1411 coronam;

370 1439 490 1518 Ilusque
513 1441 589 1500 inter·
612 1441 733 1520 plausus
755 1451 784 1503 et
807 1445 836 1502 in
852 1442 924 1512 liae,
948 1443 1141 1521 nequissime,
1167 1463 1293 1525 pompa

319 1566 356 1606 su
373 1543 421 1601 Vis
443 1541 560 1604 humilis
583 1543 640 1602 dici
663 1543 773 1604 Galilaei
797 1564 813 1604 e
836 1543 922 1622 plebe
945 1547 1075 1622 nragistri

371 1643 551 1723 lliscipulus,
576 1644 731 1724 solumque
754 1646 850 1707 relers
872 1667 888 1707 a
912 1649 1033 1707 nomine
1055 1646 1231 1718 Christum,

371 1746 472 1808 Solum
495 1767 511 1807 a
535 1753 613 1808 veste
636 1749 745 1817 relers;
770 1750 867 1827 quisi
890 1756 918 1808 te
941 1749 1094 1809 immiserit
1116 1749 1214 1819 besti,

373 1849 409 1909 Ut
431 1850 554 1919 (luceas,
578 1857 649 1910 tnnc
672 1856 754 1926 terga
778 1849 861 1911 dabis
885 1851 1090 1930 placidamque
1113 1852 1271 1929 quietem,

373 1951 538 2020 llesidiose,
562 1959 645 2030 petes
667 1959 755 2031 alque
778 1952 841 2013 lnec
864 1960 1002 2032 suggesta
1025 1952 1193 2032 r·eliuques;

322 2075 360 2116 seo
376 2054 429 2114 llis
451 2052 543 2114 titulis
566 2060 654 2133 atque
677 2054 735 2115 noe
757 2062 902 2134 praetextu
927 2057 956 2115 in
979 2053 1066 2133 plebe
1088 2058 1185 2116 notari

373 2156 439 2217 Non
463 2157 563 2233 magni
586 2157 695 2225 iacies,
721 2155 798 2217 ultro
823 2157 1032 2235 Christumque
1054 2157 1187 2235 negabis.

373 2258 528 2336 Utomrque
551 2257 614 2318 lucc
636 2257 742 2337 aliquis
763 2267 862 2320 tamen
886 2261 1018 2329 aestirnat,
1043 2259 1139 2320 omnio
1156 2260 1269 2333 uitauit,

373 2360 445 2430 Quae
467 2365 517 2420 tua
540 2362 691 2440 praequm
713 2367 773 2430 est,
797 2379 880 2439 puro
902 2360 1048 2422 simulatio
1071 2363 1185 2422 meotis.

374 2462 519 2522 l'rreterea
543 2479 630 2522 nemo
654 2469 699 2523 cst
722 2481 757 2523 ex
781 2463 866 2542 vulgo
889 2463 1034 2523 indoctior
1057 2465 1127 2532 isto,
1287 2462 1292 2545 Ι
1318 2464 1499 2544 ffifflssff

323 2586 360 2627 sas
376 2563 477 2624 dudan
500 2582 587 2624 nemo
612 2567 720 2643 magis;
744 2566 795 2626 sed
819 2565 895 2626 enim
919 2567 970 2643 qni
992 2565 1138 2644 pessimus
1160 2567 1245 2627 omni

373 2665 508 2727 Creditus
524 2687 540 2726 e
556 2684 681 2728 numero
698 2675 743 2728 est
758 2675 871 2728 tantum
888 2667 945 2728 lroc
960 2666 1016 2728 sibi
1032 2675 1132 2729 censet
1147 2669 1310 2746 iniquum,

374 2768 457 2838 duod
474 2776 571 2830 tecum
589 2770 770 2847 ingreditur,
788 2769 927 2849 qnodque
943 2769 1000 2830 hoc
1014 2770 1122 2832 servile
1136 2770 1298 2850 triumpho

375 2870 486 2932 Tecum
510 2871 589 2932 lerre
611 2871 721 2933 malum
746 2872 789 2934 vel
814 2872 937 2934 eandem
962 2874 1077 2951 cogitur
1100 2873 1182 2932 iram.

373 2974 513 3042 Francia,
537 2975 732 3051 magnanimae
754 2994 872 3054 semper
896 2975 1030 3036 loecnnda
1053 2976 1193 3044 iin‘entae,
1311 2974 1484 3010 '‘¹“‘³·⁰‘³‘“¹

1309 3017 1337 3052 li·
1354 3018 1408 3053 Petri
1425 3024 1487 3063 patna

325 3097 362 3137 sao
378 3075 534 3136 Nobilitate
558 3077 652 3136 virum
675 3076 763 3137 nullis
786 3076 957 3155 regionibns
979 3079 1074 3154 impar

375 3177 411 3237 to
433 3175 512 3237 nullo
535 3177 674 3246 interior,
699 3179 746 3239 dic
769 3181 838 3258 quid
862 3180 954 3258 magis
978 3187 1045 3240 ante
1068 3178 1244 3258 pudendum

374 3280 516 3340 l'roduxti
539 3280 595 3340 hae
617 3279 738 3341 sobole‘t
762 3290 790 3341 te
813 3281 922 3342 scilieet
946 3281 999 3341 ista
1023 3281 1144 3341 cicatrix

374 3382 519 3451 Dedecet,
543 3384 598 3443 ista
620 3402 740 3451 nomem
765 3391 812 3451 tu,
836 3384 965 3463 perdite,
991 3384 1117 3443 nominis
1139 3381 1230 3445 huius

374 3487 467 3563 Atque
490 3484 577 3545 liuius
600 3482 681 3546 labes
703 3485 820 3562 pepuli,
845 3493 874 3546 tu
897 3488 1001 3564 stigma
1024 3484 1181 3563 pudorque

323 3607 361 3647 sn
376 3587 514 3648 lnventus
537 3588 643 3655 tueris,
667 3605 765 3666 noque
788 3597 816 3647 te
839 3589 922 3666 prius
945 3590 1041 3648 onnrio
1065 3604 1185 3664 pessum

375 3689 511 3757 Numina,
536 3689 577 3748 sic
600 3691 752 3757 meritum,
776 3689 921 3750 dederint.
952 3690 1009 3751 Sed
1033 3691 1089 3750 iam
1112 3689 1167 3749 ista
1190 3690 1349 3768 triumpho

377 3791 437 3851 Una
462 3799 620 3852 moreest.
645 3790 671 3859 l,
697 3790 760 3851 dira
784 3789 863 3861 lues,
887 3793 909 3862 i,
933 3793 1061 3871 pessima
1084 3790 1186 3852 murrdi

375 3893 550 3971 Progenies,
574 3892 673 3954 multis
696 3893 793 3971 pudor
815 3903 845 3954 et
867 3893 979 3961 scelus,
1004 3901 1033 3953 ut
1056 3894 1146 3954 decor
1170 3897 1235 3959 uni,

239 4131 272 4163 ¹⁹⁰⁶
291 4131 460 4181 mulieribus.
487 4131 573 4180 Possis
597 4131 641 4180 vel
660 4133 684 4182 si
703 4131 867 4181 undicrculu
885 4130 975 4181 mollis
994 4130 1025 4194 (s.
1039 4129 1174 4196 simplex).
1246 4128 1280 4161 θ’*
1299 4132 1478 4194 nequissima

172 4223 265 4268 Ml.
284 4221 352 4284 pared
370 4220 445 4267 etiam
463 4232 551 4265 uersor
570 4223 646 4266 ru‘tut.
694 4215 728 4248 ⁸¹⁵
747 4217 799 4266 Vix
817 4219 984 4267 eddomues.
1034 4215 1096 4265 Gol.
1111 4213 1194 4280 nrag.]
1215 4214 1329 4264 Christi.
1387 4215 1478 4281 plrebe

173 4308 227 4354 1.2.
279 4301 313 4335 ⁸¹⁷
332 4304 423 4353 roseos
442 4306 468 4352 3.
523 4302 568 4365 qui
587 4303 610 4351 si
627 4304 681 4364 feci
697 4320 733 4352 er
751 4305 820 4358 edd..
840 4302 927 4353 euius.
946 4303 1126 4367 lipoaddtau
1145 4305 1182 4349 tc.
1237 4299 1360 4361 „docete
1381 4317 1478 4350 omnes

173 4391 287 4451 gentos’'
309 4385 663 4438 illatenxxvlttdttete.
721 4387 756 4420 ‘²⁰
774 4387 865 4452 plu-be
885 4391 941 4437 1.2.
1000 4384 1033 4418 ⁸¹⁹
1052 4386 1298 4450 magnanimem.
1355 4383 1392 4418 ⁸³²
1411 4387 1476 4436 I'ro·

172 4471 260 4522 (luxti.
279 4475 376 4524 Possis.
397 4509 438 4537 „..
458 4473 503 4521 dic
522 4488 602 4536 quam
621 4473 710 4538 magis
729 4478 793 4522 urite
813 4472 967 4538 pudendum
986 4471 1116 4521 Produrti
1135 4469 1275 4520 sobolem?
1312 4467 1347 4502 ⁸³³
1366 4468 1476 4533 vomer}

171 4574 220 4620 pro
238 4558 355 4608 vomica.
403 4557 436 4590 ⁸³⁰
456 4559 510 4607 isto
523 4559 581 4607 eald.
595 4559 660 4622 llpt.
675 4575 743 4608 corr.
758 4559 813 4607 istu
861 4558 983 4607 Cleristius
997 4557 1058 4607 adn.
1078 4555 1220 4620 „Corripit
1232 4553 1373 4618 syllabam
1395 4571 1476 4619 qnam

175 4657 227 4692 non
247 4642 365 4692 decebat
380 4642 463 4708 [istdl.
484 4642 665 4692 Gramnmtici
685 4643 768 4692 etiarn
788 4643 957 4693 contendunt
975 4642 1103 4692 debuisse
1123 4641 1247 4691 scribere
1265 4642 1321 4697 isti,
1341 4655 1400 4689 non
1419 4643 1476 4688 isto.

176 4726 356 4776 Grammatici
376 4730 501 4793 inquom:
521 4743 586 4777 usus
606 4729 780 4793 urrtiquorum
798 4744 853 4778 non
872 4731 977 4792 aequo”.
1031 4726 1065 4759 ⁸³⁸
1077 4723 1135 4790 uni]
1149 4726 1349 4790 l'eperioomo.
