3360 5414
471 394 593 429 avarsus
608 393 637 427 IN
651 393 765 429 ansatos
779 393 966 436 evenenanvu
979 395 1064 430 LIBER
1077 395 1228 432 SECVNDVE·

411 549 468 610 Sed
490 548 587 609 doleat
609 556 741 619 nostros,
765 552 931 611 eommunia
955 550 1089 619 vulnera,
1113 569 1213 620 rasus,
1328 547 1496 629 fflffl·

357 672 396 712 aar
490 654 583 730 Atque
605 653 702 712 animo
724 652 841 712 laudem
863 652 926 712 har-c
948 654 1092 730 penitiore
1112 653 1222 721 trahat,

410 753 487 814 Neve
509 772 575 815 meo
598 754 675 813 dieat
698 772 782 814 rersu
805 754 983 832 petulantius
1005 773 1104 825 usum,

493 856 567 916 huna
590 852 700 935 queror
722 857 847 917 elienses
868 858 1041 936 insinuoquc
1067 875 1170 917 ueras:

409 957 437 1016 Si
462 976 520 1017 nou
544 978 579 1018 ex
601 960 724 1025 merito,
748 960 772 1019 si
794 977 853 1019 nou
876 959 1057 1038 querimonia
1081 960 1155 1019 iusta
1178 965 1237 1025 est,

358 1080 397 1120 ars
493 1061 523 1120 Si
545 1079 604 1121 non
628 1062 733 1139 insigni
755 1079 845 1139 cogor
868 1060 904 1121 ab
928 1061 1103 1141 opprohrio,

409 1161 519 1225 Iudicct
541 1161 588 1223 ille
611 1181 721 1231 meam,
745 1165 795 1241 qui
817 1163 924 1223 Iudicat
946 1165 1057 1232 omnia,
1081 1181 1214 1233 eausam,

491 1265 527 1324 Et
548 1267 605 1325 siat
627 1264 689 1325 Iuec
711 1267 814 1325 aniane
836 1265 933 1325 dehita
957 1267 1020 1326 iura
1044 1283 1125 1325 ureae.

406 1367 525 1427 'lentari
548 1366 627 1427 hunc
648 1366 801 1445 precihus,
826 1369 932 1427 tentari
954 1366 1118 1427 hortatibus
1140 1367 1269 1436 hostem,
1336 1364 1493 1449 lffi'ffiflf·

353 1488 392 1529 asa
487 1469 596 1530 Littera
620 1469 655 1530 ad
678 1469 756 1529 hunc
778 1474 856 1529 extat
877 1468 1008 1547 supplice
1031 1472 1140 1547 scripta
1162 1488 1266 1529 manu:

406 1571 464 1632 Sed
487 1569 558 1631 nihil
580 1571 689 1640 cilicio,
713 1589 858 1650 nusquam
880 1571 958 1631 huuc
982 1569 1159 1648 compellere
1181 1589 1316 1649 possum;

490 1673 556 1751 lpse
578 1692 645 1733 suas
668 1676 698 1732 in
719 1691 774 1733 nos
795 1674 917 1751 insuper
939 1680 1026 1752 auget
1048 1692 1133 1742 acus,

405 1776 471 1854 Ipse
492 1780 586 1836 urinas
609 1777 708 1843 laetat,
732 1776 802 1835 lurit
824 1781 854 1836 et
875 1776 1004 1836 convicia
1026 1776 1110 1844 dicit,

354 1896 392 1937 ase
485 1877 604 1956 Iamque
625 1896 732 1938 nosram
755 1877 864 1938 hellum
887 1878 1007 1938 nunciat
1028 1875 1077 1937 ille
1098 1877 1185 1947 mihi,

404 1979 653 2059 I‘crsequiuuquc
670 1998 766 2050 meos,
783 1981 895 2059 siquem
912 1978 1120 2057 deprehendit,
1137 1978 1262 2047 amicos,
1324 1976 1487 2095 lilim&

488 2082 669 2160 Insidiasque
692 2081 761 2142 mihi
784 2081 914 2160 qualibet
935 2089 997 2142 arte
1019 2088 1111 2161 parat.
1341 2064 1409 2099 ''⁰¹¹'‘

403 2183 467 2244 Non
483 2202 591 2261 querar
605 2184 668 2244 haec
683 2185 784 2262 igitur,
802 2186 851 2264 qui
867 2186 908 2245 sic
924 2203 1041 2263 queque
1056 2182 1162 2245 ledere
1177 2184 1314 2262 possem?

350 2307 389 2347 ooo
483 2287 527 2346 dn
549 2289 679 2349 nondum
703 2288 822 2348 eliensis
845 2276 952 2347 sufficit
973 2286 1021 2347 ille
1043 2287 1123 2347 suisi

403 2387 538 2448 Vestrum
555 2388 658 2469 aliquis
680 2391 736 2449 iam
760 2396 839 2450 tutus
861 2391 920 2466 agit
941 2390 1107 2469 fruiturque
1130 2390 1227 2468 qulete

487 2490 547 2551 Nec
570 2492 652 2552 tiaret
674 2491 792 2552 hostiles
814 2492 905 2552 tutior
927 2490 1059 2562 insidias,

401 2593 436 2653 Et
458 2591 632 2672 tranquillus
654 2612 743 2673 agens
765 2595 897 2672 requiem
919 2600 1002 2672 putat
1024 2593 1160 2655 omnihus
1182 2591 1276 2663 illam,

350 2714 387 2755 aot
483 2696 554 2768 Qua
575 2697 631 2757 sihi
653 2714 756 2757 secura
779 2697 898 2774 contigit
920 2697 950 2756 iu
973 2697 1081 2774 patria:

400 2795 537 2874 Quisquis
560 2797 607 2858 hic
630 2805 688 2866 est,
712 2796 817 2859 melius
839 2816 894 2879 pro
917 2817 1003 2858 causa
1027 2798 1161 2859 consulat
1182 2796 1229 2857 illa

484 2899 705 2978 Fortunamque
727 2901 807 2977 gravi
831 2907 935 2979 penset
958 2896 1112 2978 utramque
1134 2900 1250 2960 auimo:

398 3002 480 3081 lpse,
504 3001 582 3080 quod
605 3004 633 3063 in
657 2991 748 3080 patria
773 3009 816 3062 cst
838 3010 867 3062 et
889 3002 1101 3063 cousuetudine
1124 3001 1227 3071 multa,

348 3126 386 3166 aas
483 3104 632 3183 Nusquam
656 3106 842 3165 inconsuetas
864 3106 954 3165 sensit
976 3103 1080 3165 ohesse
1103 3107 1197 3177 rIoes;

375 3207 458 3278 >Nus
479 3225 604 3286 peregre
627 3207 697 3267 iuvit
718 3207 813 3267 varios
835 3225 1013 3286 cognoscere
1036 3226 1147 3271 utores.

481 3309 545 3370 Neu
569 3311 642 3369 citra
664 3308 836 3377 arbitrium,
860 3309 945 3369 docte
967 3308 1080 3389 Tyane,
1104 3316 1202 3378 turtum

261 3563 294 3599 ²⁴⁴
312 3546 465 3632 prinihiores
476 3563 619 3630 pinitiore.
666 3560 699 3596 ²⁴⁶
716 3563 857 3629 infinulaqj
872 3567 894 3613 1.
913 3562 980 3614 sedi
993 3565 1111 3614 delerant
1123 3564 1196 3617 Hatt.
1209 3570 1234 3612 el
1251 3570 1311 3616 cett.
1324 3582 1355 3618 aa.
1391 3560 1428 3597 ’ω
1444 3570 1482 3625 hrt

193 3652 277 3705 eninr
291 3655 314 3701 1.
349 3649 382 3683 ²¹¹¹
401 3651 536 3715 protritae:
552 3654 575 3700 1.
627 3647 660 3681 ²³²
679 3647 795 3714 Littera]
808 3651 956 3710 :litter-aq
976 3651 1093 3712 epistula.
1141 3653 1230 3702 exstat
1242 3654 1267 3698 2.
1277 3653 1302 3701 3.
1354 3648 1388 3682 '⁴⁹
1406 3654 1446 3713 tra
1457 3653 1480 3699 1.

194 3740 267 3789 rnen
279 3740 303 3787 1.
350 3733 383 3768 ²⁶²
400 3735 436 3787 tt:
449 3738 472 3785 1.
490 3738 535 3785 aed
548 3742 607 3784 aere.
619 3752 650 3784 nr.
664 3736 774 3788 acciscat
807 3733 841 3767 ’Μ
853 3733 914 3789 eur
928 3737 950 3782 1.
985 3732 1019 3765 ’Μ
1031 3734 1112 3798 perlat
1126 3739 1150 3785 1.
1184 3732 1329 3799 meatem
1341 3738 1365 3784 1.
1384 3734 1480 3800 'l'ysne

192 3828 263 3872 recte
281 3823 379 3888 quidem
391 3826 416 3871 2.
430 3819 468 3884 (ct
480 3822 520 3885 3.)
532 3823 580 3870 sed
596 3838 645 3869 aaa
664 3828 753 3871 maeror
770 3822 889 3886 scripsit3
905 3836 955 3883 pro
968 3820 1089 3883 'l'yaume
1108 3826 1151 3868 aret
1164 3818 1328 3884 'I'yanensis
1348 3820 1397 3882 „in
1412 3819 1481 3885 Cap-

192 3906 312 3970 padocis
330 3904 429 3968 (verba
446 3910 509 3955 sant
526 3904 611 3955 Amin.
625 3906 710 3954 Maro.
724 3906 824 3957 XXIII.
838 3904 863 3967 o,
878 3904 921 3967 Ia.)
942 3904 1125 3970 amplissimus
1144 3902 1190 3954 ilie
1209 3905 1386 3970 philosophus
1399 3904 1480 3970 Apol-

192 3990 281 4041 IonIus
300 3991 418 4041 traditur
435 3994 516 4039 natus
534 4006 618 4056 prope
637 3991 763 4055 oppidum
781 3989 906 4054 'syana''.
936 3992 1017 4040 Hunc
1036 3989 1209 4055 Apollonium
1228 3991 1314 4055 primo
1336 3994 1399 4055 post
1417 3990 1480 4039 Chr.

191 4076 294 4126 soeculo
313 4074 348 4124 ad
360 4075 444 4125 Indos
461 4090 556 4140 usque,
577 4075 713 4125 eraclam
731 4075 905 4141 Italiamque,
925 4076 1076 4141 Hispanias
1088 4075 1264 4141 Africamque
1284 4074 1318 4124 ad
1330 4073 1483 4141 Aethiopas

191 4177 277 4227 usquo
296 4160 370 4210 orbis
388 4167 476 4211 terras
495 4176 659 4225 peragrasse
681 4162 821 4226 vitamque
842 4160 1034 4210 miraculorum
1055 4160 1165 4226 plenam
1187 4161 1278 4225 egleso
1294 4157 1483 4210 Philostratus

192 4247 305 4297 ineunte
323 4262 387 4297 saec.
400 4246 484 4297 tortio
503 4246 578 4307 (Vita
596 4245 735 4312 Apollonii
753 4246 819 4296 lihb.
839 4246 915 4296 VIII.
934 4246 1030 4296 Venet.
1046 4244 1129 4306 lodi„
1149 4246 1192 4295 ed.
1206 4245 1299 4295 Oleor.
1313 4244 1391 4311 Lips.
1408 4244 1481 4297 ltdtt.

191 4332 252 4399 fol.)
274 4333 364 4398 magis
382 4331 522 4382 fabulatus
542 4336 584 4381 est
602 4347 682 4396 quam
702 4332 817 4381 rettulit.
852 4331 966 4380 Eusehii
983 4329 1121 4395 Pamphili
1141 4335 1238 4380 contra
1255 4328 1416 4379 Hieroclem
1434 4330 1483 4395 qni

190 4418 333 4482 Tyanonm
346 4417 455 4468 Christo
468 4423 677 4482 conparaverat.
690 4416 801 4466 libellus
815 4416 903 4474 arurae
916 4423 1040 4480 superest
1054 4416 1106 4477 (ed.
1121 4415 1214 4465 Olear.
1228 4416 1274 4465 eit.
1288 4431 1314 4480 p.
1327 4414 1482 4481 aas...tea).

190 4502 232 4553 Do
251 4502 420 4553 Philostrato
438 4503 574 4552 liuttenua
594 4518 653 4550 curu
673 4502 826 4568 aqualihus
844 4517 897 4551 nou
916 4506 971 4550 tam
990 4517 1023 4549 ex
1040 4500 1186 4551 Alemanni
1204 4501 1351 4551 IIinuceini
1375 4502 1483 4551 Latina

190 4590 328 4650 versione,
354 4605 371 4638 a
390 4588 517 4652 Philippo
530 4587 665 4637 Beroaldo
683 4589 766 4637 etiam
786 4588 935 4652 castigata,
954 4601 1035 4651 qusun
1054 4603 1086 4636 ex
1099 4587 1267 4650 Hieronymo
1285 4585 1415 4636 nutilium
1433 4586 1484 4637 he-

189 4672 302 4722 bebant.
322 4672 364 4723 cf.
378 4673 483 4738 supral.
500 4671 538 4735 10,
552 4682 586 4723 tt.
600 4688 659 4738 sqq.
