<?xml version="1.0" encoding="UTF-8"?>
<!DOCTYPE html PUBLIC "-//W3C//DTD XHTML 1.0 Transitional//EN"
    "http://www.w3.org/TR/xhtml1/DTD/xhtml1-transitional.dtd">
<html xmlns="http://www.w3.org/1999/xhtml" xml:lang="en" lang="en">
 <head>
  <title>
</title>
<meta http-equiv="Content-Type" content="text/html;charset=utf-8" />
  <meta name='ocr-system' content='tesseract 3.04.00' />
  <meta name='ocr-capabilities' content='ocr_page ocr_carea ocr_par ocr_line ocrx_word'/>
</head>
<body>
  <div class='ocr_page' id='page_1' title='image "./ulrichihuttenie04huttgoog_0518.png"; bbox 0 0 3294 5408; ppageno 0'>
   <div class='ocr_carea' id='block_1_1' title="bbox 136 369 1429 440">
    <p class='ocr_par' dir='ltr' id='par_1_1' title="bbox 136 369 1429 440">
     <span class='ocr_line' id='line_1_1' title="bbox 136 369 1429 440; baseline 0.004 -6"><span class='ocrx_word' id='word_1_1' title='bbox 136 397 225 436; x_wconf 70' lang='lat' dir='ltr'><em>nnuc.</em></span> <span class='ocrx_word' id='word_1_2' title='bbox 235 398 374 434; x_wconf 72' lang='lat' dir='ltr'>VDELOMS</span> <span class='ocrx_word' id='word_1_3' title='bbox 389 399 494 434; x_wconf 65' lang='lat' dir='ltr'><em>CYKBRI</em></span> <span class='ocrx_word' id='word_1_4' title='bbox 509 396 610 434; x_wconf 74' lang='lat' dir='ltr'><em>cveffl</em></span> <span class='ocrx_word' id='word_1_5' title='bbox 625 397 660 432; x_wconf 69' lang='grc' dir='ltr'><em>ΒΕ</em></span> <span class='ocrx_word' id='word_1_6' title='bbox 670 396 767 432; x_wconf 70' lang='lat' dir='ltr'><em>txvsc.</em></span> <span class='ocrx_word' id='word_1_7' title='bbox 776 396 888 434; x_wconf 68' lang='lat' dir='ltr'><em>munos.</em></span> <span class='ocrx_word' id='word_1_8' title='bbox 896 397 1019 433; x_wconf 65' lang='lat' dir='ltr'><em>ovonem</em></span> <span class='ocrx_word' id='word_1_9' title='bbox 1029 398 1064 432; x_wconf 74' lang='grc' dir='ltr'><em>ΕΤ</em></span> <span class='ocrx_word' id='word_1_10' title='bbox 1075 399 1176 435; x_wconf 72' lang='lat' dir='ltr'><em>CHVNB.</em></span> <span class='ocrx_word' id='word_1_11' title='bbox 1184 398 1318 436; x_wconf 68' lang='lat' dir='ltr'><em>sanctos.</em></span> <span class='ocrx_word' id='word_1_12' title='bbox 1356 369 1429 440; x_wconf 72' lang='grc'><em>469</em></span> 
     </span>
    </p>
   </div>
   <div class='ocr_carea' id='block_1_2' title="bbox 474 549 1090 604">
    <p class='ocr_par' dir='ltr' id='par_1_2' title="bbox 474 549 1090 604">
     <span class='ocr_line' id='line_1_2' title="bbox 474 549 1090 604; baseline 0.002 -2"><span class='ocrx_word' id='word_1_13' title='bbox 474 549 763 603; x_wconf 80' lang='lat' dir='ltr'><em>EXPOSTVLATIO</em></span> <span class='ocrx_word' id='word_1_14' title='bbox 782 552 865 604; x_wconf 86' lang='lat' dir='ltr'><em>CVM</em></span> <span class='ocrx_word' id='word_1_15' title='bbox 879 551 1090 604; x_wconf 81' lang='lat' dir='ltr'><em>ALEANDBO.</em></span> 
     </span>
    </p>
   </div>
   <div class='ocr_carea' id='block_1_3' title="bbox 97 675 1434 2535">
    <p class='ocr_par' dir='ltr' id='par_1_3' title="bbox 97 675 1434 2535">
     <span class='ocr_line' id='line_1_3' title="bbox 220 675 1434 750; baseline 0.002 -18"><span class='ocrx_word' id='word_1_16' title='bbox 220 676 282 732; x_wconf 88' lang='lat' dir='ltr'><em>lam</em></span> <span class='ocrx_word' id='word_1_17' title='bbox 305 691 370 732; x_wconf 90' lang='lat' dir='ltr'><em>uero</em></span> <span class='ocrx_word' id='word_1_18' title='bbox 389 681 416 732; x_wconf 88' lang='lat' dir='ltr'><em>te</em></span> <span class='ocrx_word' id='word_1_19' title='bbox 433 675 618 746; x_wconf 79' lang='lat' dir='ltr'><strong><em>appellamus,</em></strong></span> <span class='ocrx_word' id='word_1_20' title='bbox 638 675 779 730; x_wconf 78' lang='lat' dir='ltr'><em>Aleander</em></span> <span class='ocrx_word' id='word_1_21' title='bbox 793 676 908 748; x_wconf 78' lang='lat' dir='ltr'><em>Apella,</em></span> <span class='ocrx_word' id='word_1_22' title='bbox 930 682 1064 750; x_wconf 88' lang='lat' dir='ltr'><em>quotquot</em></span> <span class='ocrx_word' id='word_1_23' title='bbox 1077 691 1173 733; x_wconf 89' lang='lat' dir='ltr'><em>sumus</em></span> <span class='ocrx_word' id='word_1_24' title='bbox 1186 679 1320 750; x_wconf 80' lang='lat' dir='ltr'><em>eoanpetii</em></span> <span class='ocrx_word' id='word_1_25' title='bbox 1332 678 1434 736; x_wconf 75' lang='lat' dir='ltr'><em>Christi</em></span> 
     </span>
     <span class='ocr_line' id='line_1_4' title="bbox 135 760 1429 833; baseline 0 -14"><span class='ocrx_word' id='word_1_26' title='bbox 135 764 311 830; x_wconf 76' lang='lat' dir='ltr'><em>adsertores,</em></span> <span class='ocrx_word' id='word_1_27' title='bbox 334 777 385 816; x_wconf 89' lang='lat' dir='ltr'><em>cur</em></span> <span class='ocrx_word' id='word_1_28' title='bbox 401 768 449 827; x_wconf 93' lang='lat' dir='ltr'><em>tu,</em></span> <span class='ocrx_word' id='word_1_29' title='bbox 467 760 598 832; x_wconf 76' lang='lat' dir='ltr'><em>supitioc,</em></span> <span class='ocrx_word' id='word_1_30' title='bbox 615 761 754 815; x_wconf 76' lang='lat' dir='ltr'><em>derelictis</em></span> <span class='ocrx_word' id='word_1_31' title='bbox 764 763 868 815; x_wconf 86' lang='lat' dir='ltr'><em>castris</em></span> <span class='ocrx_word' id='word_1_32' title='bbox 884 764 939 816; x_wconf 91' lang='lat' dir='ltr'><em>tuis</em></span> <span class='ocrx_word' id='word_1_33' title='bbox 948 762 1117 833; x_wconf 75' lang='lat' dir='ltr'><em>proditurus</em></span> <span class='ocrx_word' id='word_1_34' title='bbox 1131 762 1287 817; x_wconf 85' lang='lat' dir='ltr'><em>libertatem</em></span> <span class='ocrx_word' id='word_1_35' title='bbox 1301 769 1429 819; x_wconf 88' lang='lat' dir='ltr'><em>nostram</em></span> 
     </span>
     <span class='ocr_line' id='line_1_5' title="bbox 135 846 1429 919; baseline 0.002 -16"><span class='ocrx_word' id='word_1_36' title='bbox 135 849 174 903; x_wconf 91' lang='lat' dir='ltr'><em>ad</em></span> <span class='ocrx_word' id='word_1_37' title='bbox 193 863 244 903; x_wconf 92' lang='lat' dir='ltr'><em>nos</em></span> <span class='ocrx_word' id='word_1_38' title='bbox 264 846 437 918; x_wconf 76' lang='lat' dir='ltr'><em>consupisti?</em></span> <span class='ocrx_word' id='word_1_39' title='bbox 472 861 523 900; x_wconf 88' lang='lat' dir='ltr'><em>eur</em></span> <span class='ocrx_word' id='word_1_40' title='bbox 544 850 574 900; x_wconf 91' lang='lat' dir='ltr'><em>tu</em></span> <span class='ocrx_word' id='word_1_41' title='bbox 596 860 679 900; x_wconf 86' lang='lat' dir='ltr'><em>sacro</em></span> <span class='ocrx_word' id='word_1_42' title='bbox 701 851 884 917; x_wconf 76' lang='lat' dir='ltr'><em>reponendus</em></span> <span class='ocrx_word' id='word_1_43' title='bbox 902 847 1018 917; x_wconf 69' lang='lat' dir='ltr'><em>flumine</em></span> <span class='ocrx_word' id='word_1_44' title='bbox 1039 852 1142 902; x_wconf 85' lang='lat' dir='ltr'><em>sancta</em></span> <span class='ocrx_word' id='word_1_45' title='bbox 1164 853 1263 903; x_wconf 87' lang='lat' dir='ltr'><em>nostra</em></span> <span class='ocrx_word' id='word_1_46' title='bbox 1283 849 1384 919; x_wconf 76' lang='lat' dir='ltr'><em>polluis</em></span> <span class='ocrx_word' id='word_1_47' title='bbox 1401 856 1429 905; x_wconf 87' lang='lat' dir='ltr'><em>et</em></span> 
     </span>
     <span class='ocr_line' id='line_1_6' title="bbox 109 929 1433 1004; baseline 0.001 -15"><span class='ocrx_word' id='word_1_48' title='bbox 109 934 241 989; x_wconf 79' lang='lat' dir='ltr'><em>sreoelas</em></span> <span class='ocrx_word' id='word_1_49' title='bbox 262 933 397 1003; x_wconf 81' lang='lat' dir='ltr'><em>mysteria</em></span> <span class='ocrx_word' id='word_1_50' title='bbox 418 930 541 985; x_wconf 74' lang='lat' dir='ltr'><em>hostibus</em></span> <span class='ocrx_word' id='word_1_51' title='bbox 560 936 802 985; x_wconf 84' lang='lat' dir='ltr'><em>sacramentorum</em></span> <span class='ocrx_word' id='word_1_52' title='bbox 826 929 948 987; x_wconf 78' lang='lat' dir='ltr'><em>Christi?</em></span> <span class='ocrx_word' id='word_1_53' title='bbox 970 946 1023 986; x_wconf 87' lang='lat' dir='ltr'><em>aur</em></span> <span class='ocrx_word' id='word_1_54' title='bbox 1045 936 1076 986; x_wconf 92' lang='lat' dir='ltr'><em>tu</em></span> <span class='ocrx_word' id='word_1_55' title='bbox 1095 931 1214 987; x_wconf 87' lang='lat' dir='ltr'><em>desertis</em></span> <span class='ocrx_word' id='word_1_56' title='bbox 1235 934 1367 1004; x_wconf 89' lang='lat' dir='ltr'><em>apostolis</em></span> <span class='ocrx_word' id='word_1_57' title='bbox 1387 935 1433 990; x_wconf 86' lang='lat' dir='ltr'><em>dei</em></span> 
     </span>
     <span class='ocr_line' id='line_1_7' title="bbox 133 1015 1432 1089; baseline 0 -15"><span class='ocrx_word' id='word_1_58' title='bbox 133 1018 275 1074; x_wconf 88' lang='lat' dir='ltr'><em>consilium</em></span> <span class='ocrx_word' id='word_1_59' title='bbox 295 1018 347 1071; x_wconf 85' lang='lat' dir='ltr'><em>inis</em></span> <span class='ocrx_word' id='word_1_60' title='bbox 364 1031 425 1070; x_wconf 86' lang='lat' dir='ltr'><em>eum</em></span> <span class='ocrx_word' id='word_1_61' title='bbox 442 1015 650 1087; x_wconf 83' lang='lat' dir='ltr'><em>maqistrotibus</em></span> <span class='ocrx_word' id='word_1_62' title='bbox 671 1020 698 1069; x_wconf 91' lang='lat' dir='ltr'><em>et</em></span> <span class='ocrx_word' id='word_1_63' title='bbox 717 1015 891 1087; x_wconf 87' lang='lat' dir='ltr'><em>principibus</em></span> <span class='ocrx_word' id='word_1_64' title='bbox 913 1016 1092 1072; x_wconf 79' lang='lat' dir='ltr'><em>sacerdotum</em></span> <span class='ocrx_word' id='word_1_65' title='bbox 1113 1016 1148 1072; x_wconf 91' lang='lat' dir='ltr'><em>de</em></span> <span class='ocrx_word' id='word_1_66' title='bbox 1157 1017 1336 1089; x_wconf 76' lang='lat' dir='ltr'><em>proflipando</em></span> <span class='ocrx_word' id='word_1_67' title='bbox 1349 1019 1432 1075; x_wconf 89' lang='lat' dir='ltr'><em>uerbo</em></span> 
     </span>
     <span class='ocr_line' id='line_1_8' title="bbox 133 1100 1433 1178; baseline 0 -20"><span class='ocrx_word' id='word_1_68' title='bbox 133 1105 196 1159; x_wconf 80' lang='lat' dir='ltr'><em>dei?</em></span> <span class='ocrx_word' id='word_1_69' title='bbox 225 1101 286 1157; x_wconf 89' lang='lat' dir='ltr'><em>Hoc</em></span> <span class='ocrx_word' id='word_1_70' title='bbox 307 1116 371 1156; x_wconf 87' lang='lat' dir='ltr'><em>nero</em></span> <span class='ocrx_word' id='word_1_71' title='bbox 393 1107 423 1156; x_wconf 92' lang='lat' dir='ltr'><em>ut</em></span> <span class='ocrx_word' id='word_1_72' title='bbox 444 1100 574 1172; x_wconf 76' lang='lat' dir='ltr'><em>faceres,</em></span> <span class='ocrx_word' id='word_1_73' title='bbox 602 1100 741 1178; x_wconf 77' lang='lat' dir='ltr'><em>quodnam</em></span> <span class='ocrx_word' id='word_1_74' title='bbox 765 1100 813 1154; x_wconf 87' lang='lat' dir='ltr'><em>tibi</em></span> <span class='ocrx_word' id='word_1_75' title='bbox 828 1103 955 1172; x_wconf 82' lang='lat' dir='ltr'><em>precium</em></span> <span class='ocrx_word' id='word_1_76' title='bbox 977 1104 1181 1156; x_wconf 88' lang='lat' dir='ltr'><em>constituerunt</em></span> <span class='ocrx_word' id='word_1_77' title='bbox 1208 1102 1371 1158; x_wconf 87' lang='lat' dir='ltr'><em>Cardinales</em></span> <span class='ocrx_word' id='word_1_78' title='bbox 1392 1104 1433 1158; x_wconf 89' lang='lat' dir='ltr'><em>illi</em></span> 
     </span>
     <span class='ocr_line' id='line_1_9' title="bbox 133 1184 1430 1258; baseline -0.002 -14"><span class='ocrx_word' id='word_1_79' title='bbox 133 1205 196 1244; x_wconf 86' lang='lat' dir='ltr'><em>eum</em></span> <span class='ocrx_word' id='word_1_80' title='bbox 217 1202 269 1242; x_wconf 90' lang='lat' dir='ltr'><em>suo</em></span> <span class='ocrx_word' id='word_1_81' title='bbox 291 1185 494 1241; x_wconf 79' lang='lat' dir='ltr'><em>Sanctissimot</em></span> <span class='ocrx_word' id='word_1_82' title='bbox 517 1189 569 1240; x_wconf 77' lang='lat' dir='ltr'><em>atet</em></span> <span class='ocrx_word' id='word_1_83' title='bbox 591 1201 644 1256; x_wconf 90' lang='lat' dir='ltr'><em>quo</em></span> <span class='ocrx_word' id='word_1_84' title='bbox 667 1190 697 1240; x_wconf 92' lang='lat' dir='ltr'><em>tu</em></span> <span class='ocrx_word' id='word_1_85' title='bbox 711 1186 771 1240; x_wconf 89' lang='lat' dir='ltr'><em>illos</em></span> <span class='ocrx_word' id='word_1_86' title='bbox 783 1185 884 1256; x_wconf 77' lang='lat' dir='ltr'><em>paudio</em></span> <span class='ocrx_word' id='word_1_87' title='bbox 899 1184 1058 1258; x_wconf 76' lang='lat' dir='ltr'><em>afficiebas,</em></span> <span class='ocrx_word' id='word_1_88' title='bbox 1081 1203 1143 1242; x_wconf 92' lang='lat' dir='ltr'><em>cum</em></span> <span class='ocrx_word' id='word_1_89' title='bbox 1159 1192 1221 1241; x_wconf 89' lang='lat' dir='ltr'><em>tue</em></span> <span class='ocrx_word' id='word_1_90' title='bbox 1241 1187 1331 1242; x_wconf 80' lang='lat' dir='ltr'><em>media</em></span> <span class='ocrx_word' id='word_1_91' title='bbox 1347 1187 1430 1243; x_wconf 90' lang='lat' dir='ltr'><em>turba</em></span> 
     </span>
     <span class='ocr_line' id='line_1_10' title="bbox 134 1269 1429 1345; baseline -0.002 -16"><span class='ocrx_word' id='word_1_92' title='bbox 134 1274 209 1329; x_wconf 85' lang='lat' dir='ltr'><em>velut</em></span> <span class='ocrx_word' id='word_1_93' title='bbox 230 1272 305 1326; x_wconf 91' lang='lat' dir='ltr'><em>alter</em></span> <span class='ocrx_word' id='word_1_94' title='bbox 327 1269 415 1325; x_wconf 90' lang='lat' dir='ltr'><em>ludas</em></span> <span class='ocrx_word' id='word_1_95' title='bbox 437 1269 599 1325; x_wconf 79' lang='lat' dir='ltr'><em>Scariothes</em></span> <span class='ocrx_word' id='word_1_96' title='bbox 617 1270 807 1342; x_wconf 79' lang='lat' dir='ltr'><em>scelerumque</em></span> <span class='ocrx_word' id='word_1_97' title='bbox 827 1272 961 1343; x_wconf 81' lang='lat' dir='ltr'><em>maqister</em></span> <span class='ocrx_word' id='word_1_98' title='bbox 979 1271 1158 1342; x_wconf 76' lang='lat' dir='ltr'><em>prosiliebas,</em></span> <span class='ocrx_word' id='word_1_99' title='bbox 1192 1286 1257 1327; x_wconf 87' lang='lat' dir='ltr'><em>voce</em></span> <span class='ocrx_word' id='word_1_100' title='bbox 1279 1273 1429 1345; x_wconf 80' lang='lat' dir='ltr'><em>plusquam</em></span> 
     </span>
     <span class='ocr_line' id='line_1_11' title="bbox 101 1351 1432 1428; baseline 0.001 -15"><span class='ocrx_word' id='word_1_101' title='bbox 101 1358 269 1428; x_wconf 78' lang='lat' dir='ltr'><em>tosoeriteqa</em></span> <span class='ocrx_word' id='word_1_102' title='bbox 292 1356 455 1411; x_wconf 75' lang='lat' dir='ltr'><em>exclamares</em></span> <span class='ocrx_word' id='word_1_103' title='bbox 479 1354 563 1422; x_wconf 81' lang='lat' dir='ltr'><em>‘Ouid</em></span> <span class='ocrx_word' id='word_1_104' title='bbox 585 1355 667 1409; x_wconf 79' lang='lat' dir='ltr'><em>oidtis</em></span> <span class='ocrx_word' id='word_1_105' title='bbox 694 1354 760 1410; x_wconf 90' lang='lat' dir='ltr'><em>mihi</em></span> <span class='ocrx_word' id='word_1_106' title='bbox 779 1355 863 1423; x_wconf 89' lang='lat' dir='ltr'><em>dare,</em></span> <span class='ocrx_word' id='word_1_107' title='bbox 892 1361 921 1410; x_wconf 85' lang='lat' dir='ltr'><em>et</em></span> <span class='ocrx_word' id='word_1_108' title='bbox 941 1371 989 1427; x_wconf 83' lang='lat' dir='ltr'><em>eqo</em></span> <span class='ocrx_word' id='word_1_109' title='bbox 1011 1355 1084 1411; x_wconf 86' lang='lat' dir='ltr'><em>nobis</em></span> <span class='ocrx_word' id='word_1_110' title='bbox 1104 1371 1166 1411; x_wconf 90' lang='lat' dir='ltr'><em>eum</em></span> <span class='ocrx_word' id='word_1_111' title='bbox 1189 1351 1337 1411; x_wconf 80' lang='lat' dir='ltr'><em>tradaml&#39;</em></span> <span class='ocrx_word' id='word_1_112' title='bbox 1365 1356 1432 1414; x_wconf 83' lang='lat' dir='ltr'><em>Hac</em></span> 
     </span>
     <span class='ocr_line' id='line_1_12' title="bbox 134 1438 1431 1514; baseline 0.001 -16"><span class='ocrx_word' id='word_1_113' title='bbox 134 1449 165 1498; x_wconf 89' lang='lat' dir='ltr'><em>to</em></span> <span class='ocrx_word' id='word_1_114' title='bbox 179 1442 213 1496; x_wconf 85' lang='lat' dir='ltr'><em>de</em></span> <span class='ocrx_word' id='word_1_115' title='bbox 227 1455 328 1496; x_wconf 87' lang='lat' dir='ltr'><em>caussa</em></span> <span class='ocrx_word' id='word_1_116' title='bbox 344 1455 359 1495; x_wconf 98' lang='lat' dir='ltr'><em>e</em></span> <span class='ocrx_word' id='word_1_117' title='bbox 374 1439 472 1496; x_wconf 87' lang='lat' dir='ltr'><em>Indaeo</em></span> <span class='ocrx_word' id='word_1_118' title='bbox 488 1438 665 1495; x_wconf 86' lang='lat' dir='ltr'><em>Christianus</em></span> <span class='ocrx_word' id='word_1_119' title='bbox 679 1440 777 1512; x_wconf 80' lang='lat' dir='ltr'><em>sactus</em></span> <span class='ocrx_word' id='word_1_120' title='bbox 791 1455 829 1508; x_wconf 88' lang='lat' dir='ltr'><em>es,</em></span> <span class='ocrx_word' id='word_1_121' title='bbox 845 1446 877 1496; x_wconf 89' lang='lat' dir='ltr'><em>ut</em></span> <span class='ocrx_word' id='word_1_122' title='bbox 891 1455 907 1496; x_wconf 87' lang='lat' dir='ltr'><em>e</em></span> <span class='ocrx_word' id='word_1_123' title='bbox 922 1440 1080 1498; x_wconf 90' lang='lat' dir='ltr'><em>Christiano</em></span> <span class='ocrx_word' id='word_1_124' title='bbox 1097 1440 1208 1497; x_wconf 85' lang='lat' dir='ltr'><em>tandem</em></span> <span class='ocrx_word' id='word_1_125' title='bbox 1224 1442 1302 1514; x_wconf 85' lang='lat' dir='ltr'><em>lonqe</em></span> <span class='ocrx_word' id='word_1_126' title='bbox 1320 1445 1431 1514; x_wconf 90' lang='lat' dir='ltr'><em>turpius</em></span> 
     </span>
     <span class='ocr_line' id='line_1_13' title="bbox 134 1523 1429 1600; baseline -0.001 -17"><span class='ocrx_word' id='word_1_127' title='bbox 134 1528 227 1599; x_wconf 89' lang='lat' dir='ltr'><em>turpis</em></span> <span class='ocrx_word' id='word_1_128' title='bbox 243 1527 317 1581; x_wconf 88' lang='lat' dir='ltr'><em>lucri</em></span> <span class='ocrx_word' id='word_1_129' title='bbox 334 1527 430 1597; x_wconf 80' lang='lat' dir='ltr'><em>pratia</em></span> <span class='ocrx_word' id='word_1_130' title='bbox 452 1527 480 1580; x_wconf 88' lang='lat' dir='ltr'><em>in</em></span> <span class='ocrx_word' id='word_1_131' title='bbox 495 1523 668 1580; x_wconf 87' lang='lat' dir='ltr'><em>Iudaismum</em></span> <span class='ocrx_word' id='word_1_132' title='bbox 689 1526 761 1580; x_wconf 89' lang='lat' dir='ltr'><em>uelut</em></span> <span class='ocrx_word' id='word_1_133' title='bbox 784 1525 823 1580; x_wconf 91' lang='lat' dir='ltr'><em>ad</em></span> <span class='ocrx_word' id='word_1_134' title='bbox 843 1528 971 1581; x_wconf 87' lang='lat' dir='ltr'><em>uomitum</em></span> <span class='ocrx_word' id='word_1_135' title='bbox 990 1525 1149 1582; x_wconf 74' lang='lat' dir='ltr'><em>resideres?</em></span> <span class='ocrx_word' id='word_1_136' title='bbox 1169 1525 1282 1582; x_wconf 83' lang='lat' dir='ltr'><em>hoccine</em></span> <span class='ocrx_word' id='word_1_137' title='bbox 1300 1542 1429 1600; x_wconf 83' lang='lat' dir='ltr'><em>maqnum</em></span> 
     </span>
     <span class='ocr_line' id='line_1_14' title="bbox 133 1609 1429 1683; baseline 0 -15"><span class='ocrx_word' id='word_1_138' title='bbox 133 1615 189 1669; x_wconf 90' lang='lat' dir='ltr'><em>erit</em></span> <span class='ocrx_word' id='word_1_139' title='bbox 215 1611 371 1683; x_wconf 80' lang='lat' dir='ltr'><em>exemplum</em></span> <span class='ocrx_word' id='word_1_140' title='bbox 395 1609 499 1666; x_wconf 86' lang='lat' dir='ltr'><em>Iudoeis</em></span> <span class='ocrx_word' id='word_1_141' title='bbox 519 1612 632 1665; x_wconf 81' lang='lat' dir='ltr'><em>caeteris</em></span> <span class='ocrx_word' id='word_1_142' title='bbox 653 1611 824 1682; x_wconf 79' lang='lat' dir='ltr'><em>arripiendae</em></span> <span class='ocrx_word' id='word_1_143' title='bbox 847 1610 1016 1668; x_wconf 82' lang='lat' dir='ltr'><em>Christianae</em></span> <span class='ocrx_word' id='word_1_144' title='bbox 1034 1612 1115 1682; x_wconf 78' lang='lat' dir='ltr'><em>fidei,</em></span> <span class='ocrx_word' id='word_1_145' title='bbox 1148 1626 1210 1666; x_wconf 90' lang='lat' dir='ltr'><em>cum</em></span> <span class='ocrx_word' id='word_1_146' title='bbox 1234 1617 1314 1667; x_wconf 92' lang='lat' dir='ltr'><em>tanto</em></span> <span class='ocrx_word' id='word_1_147' title='bbox 1333 1613 1429 1683; x_wconf 89' lang='lat' dir='ltr'><em>precio</em></span> 
     </span>
     <span class='ocr_line' id='line_1_15' title="bbox 134 1695 1430 1767; baseline -0.001 -14"><span class='ocrx_word' id='word_1_148' title='bbox 134 1697 252 1753; x_wconf 88' lang='lat' dir='ltr'><em>conduci</em></span> <span class='ocrx_word' id='word_1_149' title='bbox 279 1695 398 1751; x_wconf 85' lang='lat' dir='ltr'><em>uiderint</em></span> <span class='ocrx_word' id='word_1_150' title='bbox 430 1695 598 1752; x_wconf 75' lang='lat' dir='ltr'><em>Christianae</em></span> <span class='ocrx_word' id='word_1_151' title='bbox 628 1696 694 1767; x_wconf 80' lang='lat' dir='ltr'><em>lepis</em></span> <span class='ocrx_word' id='word_1_152' title='bbox 715 1696 952 1752; x_wconf 85' lang='lat' dir='ltr'><em>calumniatores?</em></span> <span class='ocrx_word' id='word_1_153' title='bbox 987 1696 1042 1751; x_wconf 89' lang='lat' dir='ltr'><em>hac</em></span> <span class='ocrx_word' id='word_1_154' title='bbox 1064 1697 1098 1751; x_wconf 89' lang='lat' dir='ltr'><em>de</em></span> <span class='ocrx_word' id='word_1_155' title='bbox 1119 1710 1222 1751; x_wconf 88' lang='lat' dir='ltr'><em>caussa</em></span> <span class='ocrx_word' id='word_1_156' title='bbox 1243 1711 1380 1752; x_wconf 85' lang='lat' dir='ltr'><em>ornavere</em></span> <span class='ocrx_word' id='word_1_157' title='bbox 1402 1702 1430 1753; x_wconf 86' lang='lat' dir='ltr'><em>te</em></span> 
     </span>
     <span class='ocr_line' id='line_1_16' title="bbox 101 1781 1428 1854; baseline -0.002 -14"><span class='ocrx_word' id='word_1_158' title='bbox 101 1803 124 1842; x_wconf 79' lang='lat' dir='ltr'><em>ts</em></span> <span class='ocrx_word' id='word_1_159' title='bbox 137 1783 241 1840; x_wconf 80' lang='lat' dir='ltr'><em>Gratia</em></span> <span class='ocrx_word' id='word_1_160' title='bbox 264 1785 305 1837; x_wconf 91' lang='lat' dir='ltr'><em>tot</em></span> <span class='ocrx_word' id='word_1_161' title='bbox 327 1781 442 1852; x_wconf 79' lang='lat' dir='ltr'><em>limphis,</em></span> <span class='ocrx_word' id='word_1_162' title='bbox 463 1785 503 1835; x_wconf 91' lang='lat' dir='ltr'><em>tot</em></span> <span class='ocrx_word' id='word_1_163' title='bbox 526 1783 590 1835; x_wconf 91' lang='lat' dir='ltr'><em>item</em></span> <span class='ocrx_word' id='word_1_164' title='bbox 612 1781 718 1848; x_wconf 88' lang='lat' dir='ltr'><em>literis,</em></span> <span class='ocrx_word' id='word_1_165' title='bbox 742 1786 773 1835; x_wconf 91' lang='lat' dir='ltr'><em>ut</em></span> <span class='ocrx_word' id='word_1_166' title='bbox 794 1781 929 1836; x_wconf 92' lang='lat' dir='ltr'><em>hominum</em></span> <span class='ocrx_word' id='word_1_167' title='bbox 950 1781 1084 1848; x_wconf 88' lang='lat' dir='ltr'><em>omnium,</em></span> <span class='ocrx_word' id='word_1_168' title='bbox 1104 1782 1153 1854; x_wconf 92' lang='lat' dir='ltr'><em>qui</em></span> <span class='ocrx_word' id='word_1_169' title='bbox 1168 1795 1247 1852; x_wconf 91' lang='lat' dir='ltr'><em>pane</em></span> <span class='ocrx_word' id='word_1_170' title='bbox 1268 1786 1428 1850; x_wconf 85' lang='lat' dir='ltr'><em>vescuntur,</em></span> 
     </span>
     <span class='ocr_line' id='line_1_17' title="bbox 132 1864 1428 1940; baseline -0.002 -17"><span class='ocrx_word' id='word_1_171' title='bbox 132 1868 337 1940; x_wconf 86' lang='lat' dir='ltr'><em>inqratissimns</em></span> <span class='ocrx_word' id='word_1_172' title='bbox 359 1866 443 1937; x_wconf 83' lang='lat' dir='ltr'><em>leqem</em></span> <span class='ocrx_word' id='word_1_173' title='bbox 461 1864 566 1922; x_wconf 88' lang='lat' dir='ltr'><em>Christi</em></span> <span class='ocrx_word' id='word_1_174' title='bbox 581 1871 611 1919; x_wconf 92' lang='lat' dir='ltr'><em>tu</em></span> <span class='ocrx_word' id='word_1_175' title='bbox 629 1869 827 1936; x_wconf 81' lang='lat' dir='ltr'><em>oppuqnares?</em></span> <span class='ocrx_word' id='word_1_176' title='bbox 845 1865 1081 1936; x_wconf 75' lang='lat' dir='ltr'><em>simplicissimum</em></span> <span class='ocrx_word' id='word_1_177' title='bbox 1096 1871 1138 1922; x_wconf 91' lang='lat' dir='ltr'><em>est</em></span> <span class='ocrx_word' id='word_1_178' title='bbox 1154 1866 1332 1939; x_wconf 83' lang='lat' dir='ltr'><em>Euanpetium</em></span> <span class='ocrx_word' id='word_1_179' title='bbox 1348 1865 1428 1923; x_wconf 89' lang='lat' dir='ltr'><em>Chri·</em></span> 
     </span>
     <span class='ocr_line' id='line_1_18' title="bbox 132 1950 1428 2023; baseline -0.002 -15"><span class='ocrx_word' id='word_1_180' title='bbox 132 1955 184 2020; x_wconf 89' lang='lat' dir='ltr'><em>sti,</em></span> <span class='ocrx_word' id='word_1_181' title='bbox 206 1952 407 2023; x_wconf 88' lang='lat' dir='ltr'><em>simplicissima</em></span> <span class='ocrx_word' id='word_1_182' title='bbox 429 1955 472 2005; x_wconf 89' lang='lat' dir='ltr'><em>est</em></span> <span class='ocrx_word' id='word_1_183' title='bbox 494 1950 623 2005; x_wconf 87' lang='lat' dir='ltr'><em>doctrina</em></span> <span class='ocrx_word' id='word_1_184' title='bbox 639 1950 852 2021; x_wconf 83' lang='lat' dir='ltr'><em>Apostolorum,</em></span> <span class='ocrx_word' id='word_1_185' title='bbox 874 1965 939 2006; x_wconf 90' lang='lat' dir='ltr'><em>oere</em></span> <span class='ocrx_word' id='word_1_186' title='bbox 959 1952 1079 2023; x_wconf 80' lang='lat' dir='ltr'><em>simplex</em></span> <span class='ocrx_word' id='word_1_187' title='bbox 1101 1956 1129 2008; x_wconf 88' lang='lat' dir='ltr'><em>et</em></span> <span class='ocrx_word' id='word_1_188' title='bbox 1143 1950 1264 2006; x_wconf 85' lang='lat' dir='ltr'><em>candida</em></span> <span class='ocrx_word' id='word_1_189' title='bbox 1279 1957 1344 2007; x_wconf 87' lang='lat' dir='ltr'><em>erat</em></span> <span class='ocrx_word' id='word_1_190' title='bbox 1365 1952 1428 2008; x_wconf 88' lang='lat' dir='ltr'><em>olim</em></span> 
     </span>
     <span class='ocr_line' id='line_1_19' title="bbox 131 2034 1428 2108; baseline -0.001 -15"><span class='ocrx_word' id='word_1_191' title='bbox 131 2053 170 2093; x_wconf 78' lang='lat' dir='ltr'><em>ex</em></span> <span class='ocrx_word' id='word_1_192' title='bbox 192 2041 249 2091; x_wconf 89' lang='lat' dir='ltr'><em>tam</em></span> <span class='ocrx_word' id='word_1_193' title='bbox 271 2036 437 2107; x_wconf 87' lang='lat' dir='ltr'><em>simplicibus</em></span> <span class='ocrx_word' id='word_1_194' title='bbox 458 2038 614 2106; x_wconf 78' lang='lat' dir='ltr'><em>praeceptis</em></span> <span class='ocrx_word' id='word_1_195' title='bbox 634 2036 764 2090; x_wconf 88' lang='lat' dir='ltr'><em>instituta</em></span> <span class='ocrx_word' id='word_1_196' title='bbox 786 2035 923 2092; x_wconf 81' lang='lat' dir='ltr'><em>Ecclesia.</em></span> <span class='ocrx_word' id='word_1_197' title='bbox 956 2034 1040 2092; x_wconf 83' lang='lat' dir='ltr'><em>Hanc</em></span> <span class='ocrx_word' id='word_1_198' title='bbox 1063 2041 1108 2104; x_wconf 90' lang='lat' dir='ltr'><em>tu,</em></span> <span class='ocrx_word' id='word_1_199' title='bbox 1133 2035 1305 2108; x_wconf 73' lang='lat' dir='ltr'><em>llaqitiorum</em></span> <span class='ocrx_word' id='word_1_200' title='bbox 1324 2038 1428 2106; x_wconf 86' lang='lat' dir='ltr'><em>messis,</em></span> 
     </span>
     <span class='ocr_line' id='line_1_20' title="bbox 132 2119 1428 2194; baseline -0.002 -16"><span class='ocrx_word' id='word_1_201' title='bbox 132 2123 276 2178; x_wconf 87' lang='lat' dir='ltr'><em>sceleratis</em></span> <span class='ocrx_word' id='word_1_202' title='bbox 298 2120 475 2176; x_wconf 88' lang='lat' dir='ltr'><em>obscuratam</em></span> <span class='ocrx_word' id='word_1_203' title='bbox 499 2121 601 2193; x_wconf 86' lang='lat' dir='ltr'><em>leqibas</em></span> <span class='ocrx_word' id='word_1_204' title='bbox 623 2125 650 2174; x_wconf 89' lang='lat' dir='ltr'><em>et</em></span> <span class='ocrx_word' id='word_1_205' title='bbox 672 2119 801 2192; x_wconf 84' lang='lat' dir='ltr'><em>turpibus</em></span> <span class='ocrx_word' id='word_1_206' title='bbox 815 2122 953 2176; x_wconf 83' lang='lat' dir='ltr'><em>inversam</em></span> <span class='ocrx_word' id='word_1_207' title='bbox 969 2120 1210 2176; x_wconf 85' lang='lat' dir='ltr'><em>constitutionibus</em></span> <span class='ocrx_word' id='word_1_208' title='bbox 1227 2125 1428 2194; x_wconf 84' lang='lat' dir='ltr'><em>remerpentom</em></span> 
     </span>
     <span class='ocr_line' id='line_1_21' title="bbox 97 2203 1428 2279; baseline -0.002 -14"><span class='ocrx_word' id='word_1_209' title='bbox 97 2207 211 2266; x_wconf 82' lang='lat' dir='ltr'><em>nomodo</em></span> <span class='ocrx_word' id='word_1_210' title='bbox 225 2208 361 2274; x_wconf 90' lang='lat' dir='ltr'><em>moraris,</em></span> <span class='ocrx_word' id='word_1_211' title='bbox 379 2205 552 2277; x_wconf 85' lang='lat' dir='ltr'><em>perturbas,</em></span> <span class='ocrx_word' id='word_1_212' title='bbox 574 2206 716 2277; x_wconf 88' lang='lat' dir='ltr'><em>opprimis.</em></span> <span class='ocrx_word' id='word_1_213' title='bbox 740 2203 808 2260; x_wconf 89' lang='lat' dir='ltr'><em>heus</em></span> <span class='ocrx_word' id='word_1_214' title='bbox 825 2211 868 2270; x_wconf 91' lang='lat' dir='ltr'><em>tu,</em></span> <span class='ocrx_word' id='word_1_215' title='bbox 892 2207 1047 2276; x_wconf 81' lang='lat' dir='ltr'><em>Alcander,</em></span> <span class='ocrx_word' id='word_1_216' title='bbox 1069 2207 1164 2262; x_wconf 81' lang='lat' dir='ltr'><em>desim</em></span> <span class='ocrx_word' id='word_1_217' title='bbox 1184 2220 1351 2278; x_wconf 86' lang='lat' dir='ltr'><em>oppuqnare</em></span> <span class='ocrx_word' id='word_1_218' title='bbox 1369 2205 1428 2279; x_wconf 82' lang='lat' dir='ltr'><em>qlo-</em></span> 
     </span>
     <span class='ocr_line' id='line_1_22' title="bbox 132 2289 1429 2364; baseline -0.001 -17"><span class='ocrx_word' id='word_1_219' title='bbox 132 2294 204 2347; x_wconf 90' lang='lat' dir='ltr'><em>riam</em></span> <span class='ocrx_word' id='word_1_220' title='bbox 226 2290 345 2359; x_wconf 87' lang='lat' dir='ltr'><em>Christi,</em></span> <span class='ocrx_word' id='word_1_221' title='bbox 375 2293 455 2347; x_wconf 89' lang='lat' dir='ltr'><em>euius</em></span> <span class='ocrx_word' id='word_1_222' title='bbox 478 2296 509 2345; x_wconf 89' lang='lat' dir='ltr'><em>tu</em></span> <span class='ocrx_word' id='word_1_223' title='bbox 531 2289 714 2362; x_wconf 70' lang='lat' dir='ltr'><em>defendendae</em></span> <span class='ocrx_word' id='word_1_224' title='bbox 734 2291 830 2362; x_wconf 86' lang='lat' dir='ltr'><em>qratia</em></span> <span class='ocrx_word' id='word_1_225' title='bbox 852 2292 1016 2362; x_wconf 84' lang='lat' dir='ltr'><em>sanquinem</em></span> <span class='ocrx_word' id='word_1_226' title='bbox 1040 2296 1117 2346; x_wconf 91' lang='lat' dir='ltr'><em>tuum</em></span> <span class='ocrx_word' id='word_1_227' title='bbox 1138 2290 1285 2364; x_wconf 79' lang='lat' dir='ltr'><em>effundere</em></span> <span class='ocrx_word' id='word_1_228' title='bbox 1304 2296 1429 2362; x_wconf 90' lang='lat' dir='ltr'><em>paratus</em></span> 
     </span>
     <span class='ocr_line' id='line_1_23' title="bbox 132 2375 1427 2450; baseline -0.001 -18"><span class='ocrx_word' id='word_1_229' title='bbox 132 2392 192 2433; x_wconf 87' lang='lat' dir='ltr'><em>esse</em></span> <span class='ocrx_word' id='word_1_230' title='bbox 212 2376 336 2432; x_wconf 83' lang='lat' dir='ltr'><em>debuisti.</em></span> <span class='ocrx_word' id='word_1_231' title='bbox 359 2376 462 2450; x_wconf 89' lang='lat' dir='ltr'><em>quodni</em></span> <span class='ocrx_word' id='word_1_232' title='bbox 481 2390 572 2431; x_wconf 88' lang='lat' dir='ltr'><em>cesses</em></span> <span class='ocrx_word' id='word_1_233' title='bbox 593 2376 708 2443; x_wconf 85' lang='lat' dir='ltr'><em>saeuire,</em></span> <span class='ocrx_word' id='word_1_234' title='bbox 730 2375 857 2448; x_wconf 89' lang='lat' dir='ltr'><em>taqueum</em></span> <span class='ocrx_word' id='word_1_235' title='bbox 873 2376 1040 2447; x_wconf 91' lang='lat' dir='ltr'><em>parabimus</em></span> <span class='ocrx_word' id='word_1_236' title='bbox 1063 2375 1113 2432; x_wconf 83' lang='lat' dir='ltr'><em>tibi</em></span> <span class='ocrx_word' id='word_1_237' title='bbox 1120 2418 1127 2444; x_wconf 93' lang='lat'>‚</span> <span class='ocrx_word' id='word_1_238' title='bbox 1157 2392 1211 2449; x_wconf 92' lang='lat' dir='ltr'><em>quo</em></span> <span class='ocrx_word' id='word_1_239' title='bbox 1234 2380 1294 2432; x_wconf 86' lang='lat' dir='ltr'><em>tute</em></span> <span class='ocrx_word' id='word_1_240' title='bbox 1316 2377 1427 2431; x_wconf 88' lang='lat' dir='ltr'><em>tandem</em></span> 
     </span>
     <span class='ocr_line' id='line_1_24' title="bbox 133 2461 1372 2535; baseline -0.001 -17"><span class='ocrx_word' id='word_1_241' title='bbox 133 2469 160 2518; x_wconf 90' lang='lat' dir='ltr'><em>te</em></span> <span class='ocrx_word' id='word_1_242' title='bbox 180 2464 270 2534; x_wconf 87' lang='lat' dir='ltr'><em>ipsum</em></span> <span class='ocrx_word' id='word_1_243' title='bbox 291 2463 413 2534; x_wconf 77' lang='lat' dir='ltr'><em>inpubes:</em></span> <span class='ocrx_word' id='word_1_244' title='bbox 432 2461 573 2533; x_wconf 88' lang='lat' dir='ltr'><em>pendulus</em></span> <span class='ocrx_word' id='word_1_245' title='bbox 594 2475 609 2516; x_wconf 89' lang='lat' dir='ltr'><em>e</em></span> <span class='ocrx_word' id='word_1_246' title='bbox 628 2475 750 2531; x_wconf 88' lang='lat' dir='ltr'><em>procera</em></span> <span class='ocrx_word' id='word_1_247' title='bbox 772 2476 878 2532; x_wconf 90' lang='lat' dir='ltr'><em>quercu</em></span> <span class='ocrx_word' id='word_1_248' title='bbox 900 2463 1032 2534; x_wconf 79' lang='lat' dir='ltr'><em>resipisce</em></span> <span class='ocrx_word' id='word_1_249' title='bbox 1051 2469 1079 2519; x_wconf 90' lang='lat' dir='ltr'><em>et</em></span> <span class='ocrx_word' id='word_1_250' title='bbox 1097 2461 1275 2535; x_wconf 87' lang='lat' dir='ltr'><em>postmodum</em></span> <span class='ocrx_word' id='word_1_251' title='bbox 1296 2461 1372 2519; x_wconf 84' lang='lat' dir='ltr'><em>ualet</em></span> 
     </span>
    </p>
   </div>
   <div class='ocr_carea' id='block_1_4' title="bbox 131 2679 1427 2748">
    <p class='ocr_par' dir='ltr' id='par_1_4' title="bbox 131 2679 1427 2748">
     <span class='ocr_line' id='line_1_25' title="bbox 131 2679 1427 2748; baseline 0.001 -17"><span class='ocrx_word' id='word_1_252' title='bbox 131 2682 248 2748; x_wconf 76' lang='lat' dir='ltr'><em>triginta</em></span> <span class='ocrx_word' id='word_1_253' title='bbox 271 2681 423 2731; x_wconf 76' lang='lat' dir='ltr'><em>carminum</em></span> <span class='ocrx_word' id='word_1_254' title='bbox 440 2679 571 2744; x_wconf 81' lang='lat' dir='ltr'><em>mysterio</em></span> <span class='ocrx_word' id='word_1_255' title='bbox 589 2693 644 2728; x_wconf 90' lang='lat' dir='ltr'><em>non</em></span> <span class='ocrx_word' id='word_1_256' title='bbox 661 2682 755 2730; x_wconf 80' lang='lat' dir='ltr'><em>vacat.</em></span> <span class='ocrx_word' id='word_1_257' title='bbox 779 2695 837 2744; x_wconf 83' lang='lat' dir='ltr'><em>qaoe</em></span> <span class='ocrx_word' id='word_1_258' title='bbox 858 2679 936 2730; x_wconf 86' lang='lat' dir='ltr'><em>verba</em></span> <span class='ocrx_word' id='word_1_259' title='bbox 953 2695 989 2731; x_wconf 77' lang='lat' dir='ltr'><em>ea</em></span> <span class='ocrx_word' id='word_1_260' title='bbox 1010 2681 1090 2744; x_wconf 75' lang='lat' dir='ltr'><em>ipsim</em></span> <span class='ocrx_word' id='word_1_261' title='bbox 1110 2681 1229 2731; x_wconf 77' lang='lat' dir='ltr'><em>carminis</em></span> <span class='ocrx_word' id='word_1_262' title='bbox 1250 2696 1365 2732; x_wconf 79' lang='lat' dir='ltr'><em>oersmam</em></span> <span class='ocrx_word' id='word_1_263' title='bbox 1382 2699 1427 2732; x_wconf 85' lang='lat' dir='ltr'><em>nn·</em></span> 
     </span>
    </p>
   </div>
   <div class='ocr_carea' id='block_1_5' title="bbox 130 2765 1428 2917">
    <p class='ocr_par' dir='ltr' id='par_1_5' title="bbox 130 2765 1428 2917">
     <span class='ocr_line' id='line_1_26' title="bbox 130 2765 665 2832; baseline -0.011 -14"><span class='ocrx_word' id='word_1_264' title='bbox 130 2782 199 2818; x_wconf 85' lang='lat' dir='ltr'><em>mero</em></span> <span class='ocrx_word' id='word_1_265' title='bbox 216 2767 350 2832; x_wconf 72' lang='lat' dir='ltr'><em>ultumoque</em></span> <span class='ocrx_word' id='word_1_266' title='bbox 367 2765 475 2816; x_wconf 86' lang='lat' dir='ltr'><em>disticho</em></span> <span class='ocrx_word' id='word_1_267' title='bbox 493 2766 665 2829; x_wconf 76' lang='lat' dir='ltr'><em>explicantur.</em></span> 
     </span>
     <span class='ocr_line' id='line_1_27' title="bbox 199 2846 1428 2917; baseline 0.001 -14"><span class='ocrx_word' id='word_1_268' title='bbox 199 2853 267 2903; x_wconf 83' lang='lat' dir='ltr'><em>Hoea</em></span> <span class='ocrx_word' id='word_1_269' title='bbox 285 2849 469 2917; x_wconf 76' lang='lat' dir='ltr'><em>expostulatio</em></span> <span class='ocrx_word' id='word_1_270' title='bbox 487 2851 513 2898; x_wconf 88' lang='lat' dir='ltr'><em>in</em></span> <span class='ocrx_word' id='word_1_271' title='bbox 532 2853 554 2900; x_wconf 91' lang='lat' dir='ltr'><em>t.</em></span> <span class='ocrx_word' id='word_1_272' title='bbox 568 2854 593 2898; x_wconf 89' lang='lat' dir='ltr'><em>et</em></span> <span class='ocrx_word' id='word_1_273' title='bbox 613 2851 640 2896; x_wconf 75' lang='lat' dir='ltr'><em>tl.</em></span> <span class='ocrx_word' id='word_1_274' title='bbox 654 2863 704 2897; x_wconf 89' lang='lat' dir='ltr'><em>non</em></span> <span class='ocrx_word' id='word_1_275' title='bbox 721 2849 822 2913; x_wconf 80' lang='lat' dir='ltr'><em>le‘pitar.</em></span> <span class='ocrx_word' id='word_1_276' title='bbox 874 2846 885 2880; x_wconf 82' lang='lat'><strong>⁴</strong></span> <span class='ocrx_word' id='word_1_277' title='bbox 904 2846 947 2898; x_wconf 79' lang='lat' dir='ltr'><em>Cf.</em></span> <span class='ocrx_word' id='word_1_278' title='bbox 959 2850 1091 2901; x_wconf 82' lang='lat' dir='ltr'><em>Proverb.</em></span> <span class='ocrx_word' id='word_1_279' title='bbox 1103 2850 1163 2901; x_wconf 84' lang='lat' dir='ltr'><em>XX.</em></span> <span class='ocrx_word' id='word_1_280' title='bbox 1179 2848 1219 2900; x_wconf 84' lang='lat' dir='ltr'><em>lo.</em></span> <span class='ocrx_word' id='word_1_281' title='bbox 1232 2849 1428 2904; x_wconf 77' lang='lat' dir='ltr'><em>Ecclesiastioi</em></span> 
     </span>
    </p>
   </div>
   <div class='ocr_carea' id='block_1_6' title="bbox 132 2931 748 2998">
    <p class='ocr_par' dir='ltr' id='par_1_6' title="bbox 132 2931 748 2998">
     <span class='ocr_line' id='line_1_28' title="bbox 132 2931 748 2998; baseline -0.011 -8"><span class='ocrx_word' id='word_1_282' title='bbox 132 2937 245 2990; x_wconf 77' lang='lat' dir='ltr'><em>xxva.</em></span> <span class='ocrx_word' id='word_1_283' title='bbox 258 2937 301 2987; x_wconf 81' lang='lat'><em>24.</em></span> <span class='ocrx_word' id='word_1_284' title='bbox 355 2933 377 2969; x_wconf 69' lang='lat'><em>¹⁵</em></span> <span class='ocrx_word' id='word_1_285' title='bbox 396 2931 748 2998; x_wconf 73' lang='lat' dir='ltr'><em>cf.v01.11.p.1o.s.si.</em></span> 
     </span>
    </p>
   </div>
   <div class='ocr_carea' id='block_1_7' title="bbox 0 0 1652 5408">
    <p class='ocr_par' dir='ltr' id='par_1_7' title="bbox 0 0 1652 5408">
     <span class='ocr_line' id='line_1_29' title="bbox 0 0 1652 5408; baseline 0 3"><span class='ocrx_word' id='word_1_286' title='bbox 0 0 1652 5408; x_wconf 95' lang='lat' dir='ltr'><em> </em></span> 
     </span>
    </p>
   </div>
  </div>
 </body>
</html>
