3294 5408
302 404 340 441 AB
350 403 510 441 ΙΒΙΟΤΟΕΙΙ
525 403 694 446 semovosQ.
708 401 899 438 ΟΕΒΜΔΝΟΒΥΙ
912 400 1061 437 seluemo
1073 398 1185 436 ΟΔΒΙΙΙ
1197 396 1318 435 {Hom
1382 367 1455 441 195

330 578 356 620 oo
370 562 458 619 Paret
476 561 625 616 inaccessis
645 559 748 615 oaiiata
771 558 884 614 Boemia
902 559 988 627 edors,
1258 518 1264 552 Ι

368 646 443 716 Ouos
458 661 548 719 penes
567 652 608 700 est
625 645 734 702 totidem
756 642 913 700 Romanum
934 645 1054 700 condere
1071 659 1179 718 repom,

369 731 567 805 Innumerique
588 731 656 786 alii?
677 733 738 803 qun
755 745 811 786 non
836 730 914 785 modo
937 728 1060 786 Teutono
1081 731 1161 786 telius

368 817 546 890 Principibus
564 818 684 888 patriioe
703 817 778 871 iores
794 817 960 889 priuataque
981 830 1083 889 nequa,

369 902 427 960 Sed
451 903 536 958 iatam
552 902 649 958 mnndi
667 903 826 975 imperium,
848 901 905 980 sed,
921 902 1016 957 nititur
1034 903 1121 957 omnis

331 984 485 1046 u'Pobtico
508 1002 554 1043 res
573 987 689 1052 cbristi,·
704 1003 759 1059 pro
780 987 842 1061 quis
863 987 906 1042 oet
926 985 1014 1042 obisse
1033 987 1141 1042 tuendis

369 1072 412 1130 Sit
431 1079 549 1129 oestrum
566 1075 767 1145 propriumque
787 1072 887 1134 decuss
903 1071 1003 1144 quibus
1023 1089 1105 1127 arma
1126 1071 1254 1144 virosque
1330 1110 1337 1129 x

371 1159 616 1230 temetipum,
639 1163 771 1214 armento
793 1155 870 1230 (data
892 1162 933 1212 est
952 1155 1071 1230 occasio)
1094 1163 1121 1213 et
1140 1170 1234 1214 omnes

370 1243 493 1301 Promite
513 1245 569 1298 iam
590 1244 670 1316 lonpa
691 1259 747 1298 non
765 1248 845 1298 notas
866 1248 989 1314 tempore
1008 1244 1098 1306 air-es:

369 1329 488 1385 Ir'nndite
504 1332 560 1384 iam
581 1329 660 1401 ionpo
681 1330 834 1385 cumulatos
854 1336 975 1399 tempore
995 1342 1108 1395 census,

331 1430 357 1471 ro
370 1414 408 1470 Et
425 1421 543 1470 oestrnm
562 1413 659 1486 fulcite
679 1422 779 1485 caput!
800 1415 954 1469 reuerentia
976 1416 1060 1470 nestri

370 1498 413 1556 sn
432 1501 531 1572 copitr's
542 1502 667 1571 prbnum
685 1499 772 1568 vobis,
795 1513 863 1571 quos
881 1498 979 1554 demde
997 1503 1147 1571 sequentur

369 1585 507 1659 Exemplo
522 1586 624 1657 popuii
642 1590 723 1657 atque
744 1584 827 1640 urbes
846 1585 1003 1656 imitataque
1020 1598 1108 1656 repna

370 1668 453 1738 Quae
467 1672 548 1742 tapes,
570 1676 683 1739 natura,
705 1669 769 1724 boni
783 1684 928 1741 moresque
949 1671 1112 1741 requirunt:

371 1753 444 1824 Quid
458 1754 535 1827 foret
553 1756 703 1823 auxilium,
726 1757 812 1827 capiti
826 1756 852 1810 si
871 1753 993 1810 membra
1014 1759 1150 1827 neparent

332 1855 358 1896 ts
371 1841 505 1913 Dilapsus
522 1840 579 1914 suit
596 1841 669 1897 unde
689 1842 766 1913 aipor
782 1855 839 1913 per
860 1838 1001 1895 membra?
1024 1838 1105 1908 Ouod
1123 1840 1189 1896 estis

370 1923 424 1998 (Sit
444 1927 523 1982 oenia
540 1925 640 1982 dictum
662 1941 724 1981 mam
745 1925 848 1998 oestro)
870 1929 899 1981 in
920 1926 1039 1983 culmine
1055 1931 1143 1994 tanto,

371 2008 451 2078 Quod
471 2018 509 2067 tot
528 2024 608 2083 opes,
629 2013 741 2079 merito,
763 2012 820 2066 iata
840 2012 939 2068 ditione
957 2013 1066 2078 tenetes,

371 2095 498 2152 Plurima
520 2095 695 2152 Romulidum
717 2114 784 2151 num
804 2103 870 2152 sunt
891 2111 925 2152 ea
947 2112 1064 2161 munera
1085 2100 1202 2170 repom?

371 2180 603 2254 induperatorem
623 2182 731 2256 quatem
751 2183 873 2238 notuistis
891 2180 1009 2249 babetis,

334 2282 361 2324 so
374 2264 432 2322 Sed
447 2268 556 2341 qualem
574 2281 626 2322 nec
647 2267 750 2324 babere
766 2270 856 2342 pipet,
878 2267 993 2323 votuisse
1009 2266 1112 2339 pipebit

371 2351 409 2407 Et
424 2368 580 2424 nunquam,
602 2351 696 2425 officio
716 2353 780 2409 dnm
800 2356 841 2410 sic
861 2368 892 2409 se
910 2351 1026 2408 ostendit
1045 2354 1074 2407 in
1092 2353 1178 2420 cinni,

378 2436 411 2493 Ut
431 2440 517 2510 mayn
532 2440 625 2510 optari
643 2453 694 2495 nec
715 2440 862 2511 quicquam
878 2456 897 2495 a
916 2439 1045 2509 principe
1064 2452 1171 2495 summo

372 2522 476 2578 Debeat
492 2529 540 2579 aut
557 2525 661 2594 possit,·
681 2526 761 2580 cuites
782 2529 859 2581 octor
879 2525 989 2596 impare
1009 2538 1088 2579 musa

372 2606 422 2663 Ire
436 2622 489 2680 per
511 2609 631 2681 inpentes
652 2609 748 2666 tanam
770 2615 796 2665 et
815 2611 920 2683 oripine
941 2615 1017 2664 tanta

335 2708 360 2749 so
375 2691 436 2749 Siue
453 2694 558 2749 illustre
578 2708 665 2766 penus
686 2709 736 2751 seu
754 2693 842 2767 sortia
861 2694 940 2767 sacta
954 2699 1105 2767 parentum

372 2778 486 2846 Dicere,
508 2784 535 2835 et
553 2778 646 2836 beros's
669 2782 769 2837 cuiturn
790 2780 932 2838 uirtutibus
952 2779 1053 2835 orbem.

373 2865 409 2919 At
427 2867 525 2936 penori
544 2880 685 2921 commune
703 2881 764 2921 suo.
804 2868 916 2938 privata
933 2870 1063 2921 coruscat

376 2948 470 3006 Gloria
490 2949 540 3005 sed
552 2950 629 3022 prob
650 2957 771 3023 quanta,
795 2951 870 3007 bonis
887 2952 950 3006 dum
967 2948 1056 3021 subtus
1074 2951 1202 3022 utrinque
1225 2955 1266 3005 est

373 3034 504 3106 Corporis
522 3041 605 3107 atque
625 3038 723 3104 animi,
746 3050 835 3109 neque
848 3052 942 3108 parca
965 3035 1109 3090 indulserit
1129 3036 1170 3090 itti

334 3132 360 3173 oo
375 3118 412 3175 Se
427 3120 564 3176 Fortuna:
584 3123 671 3194 mapis
690 3120 769 3176 modo
789 3121 870 3194 torpa
889 3120 990 3193 futura
1012 3121 1112 3176 oeiitis:

374 3204 424 3262 Cui
439 3221 495 3260 non
513 3203 597 3263 dioinr'
618 3211 659 3261 est
680 3206 802 3261 bumana
825 3207 969 3279 aupustior
989 3207 1047 3261 oris

373 3288 521 3358 Maiestas,
543 3297 648 3364 totoque
667 3291 767 3347 decens
787 3294 817 3347 in
835 3306 954 3364 corpore
973 3289 1083 3362 forma,

288 3410 292 3416 -
374 3373 616 3449 Membrorumque
635 3379 724 3450 uapor,
747 3378 867 3433 oaiidnm
884 3378 1049 3449 patiensque
1069 3376 1194 3432 laborum

376 3460 483 3531 Corpus
504 3467 529 3516 et
548 3462 664 3518 obiatnm
684 3480 736 3536 pro
757 3463 830 3518 vobis
851 3477 927 3534 soepe
945 3463 1073 3534 pericia,

335 3557 362 3600 so
376 3545 434 3600 Pro
456 3545 556 3603 decore
574 3550 692 3620 imperii.
737 3546 788 3604 Cui
807 3566 863 3604 non
880 3547 1010 3602 miranda
1031 3548 1136 3603 videtur

375 3631 432 3687 Itos
453 3633 552 3700 animi,
575 3650 638 3705 qnae
655 3635 714 3691 sota
735 3649 788 3689 sua
808 3642 862 3704 est,
875 3633 1027 3706 prudentia
1049 3634 1137 3689 solers

375 3714 572 3789 Inpeniumque
592 3733 703 3790 capax,
723 3719 860 3777 eventibus
881 3735 963 3791 aqna
984 3718 1113 3775 secundis

374 3797 456 3856 Mens
478 3808 504 3856 et
524 3802 552 3856 in
572 3803 697 3858 adversos
718 3805 828 3873 eadem,
852 3804 950 3876 quibtrs
970 3804 1016 3860 iiie
1033 3804 1169 3876 probatus

375 3884 437 3941 Non
458 3888 547 3943 minus
565 3893 595 3943 ut
613 3888 720 3960 fulvum
741 3896 781 3945 est
800 3889 931 3962 fornacis
951 3889 986 3943 ab
1004 3892 1066 3962 ipne
1087 3889 1244 3946 metallum?

325 3983 362 4025 ooo
376 3971 494 4027 Additur
512 3972 555 4028 bis
578 3989 673 4030 rerum
693 3977 764 4029 mira
784 3976 956 4048 experientia
976 3980 1003 4030 et
1019 3976 1115 4048 inpens

376 4055 461 4113 Pacis
482 4065 508 4112 et
528 4076 672 4114 armornm
695 4060 830 4133 ripidique
842 4062 947 4132 peritia
969 4060 1040 4116 bebi.

376 4140 448 4209 Quid
468 4158 614 4199 memorem
635 4147 670 4199 sit
689 4153 793 4218 quanta
816 4148 874 4200 oiro
894 4146 1051 4214 clementio,
1070 4146 1161 4219 quaiso

375 4225 544 4284 intemerata
562 4229 647 4301 fides,
665 4231 796 4286 servandi
815 4237 841 4286 et
858 4231 969 4304 soedcra
991 4247 1061 4287 cura

376 4311 464 4381 Quam
483 4318 598 4387 pronis,
621 4321 647 4370 et
664 4318 756 4388 posita
777 4318 882 4372 cunctis
901 4318 1036 4390 pravitate
1054 4318 1199 4391 benipnns,

173 4472 375 4486 ᾖ-

241 4594 266 4628 ⁶⁰
288 4597 316 4646 in
340 4599 463 4648 accessio
482 4604 504 4650 1.
562 4599 582 4632 ⁶¹
605 4600 643 4663 Cf.
656 4600 745 4649 Arrren
763 4600 837 4651 bullo.
896 4600 918 4633 ⁷⁰
942 4597 1035 4666 caput]
1054 4602 1232 4666 imperatorem
1255 4599 1467 4651 Monimiiiannnr.

173 4677 197 4713 '⁸
219 4678 311 4748 Quod]
336 4687 398 4753 qr.
468 4683 490 4715 ²⁷
513 4683 600 4750 Quod]
625 4685 670 4747 Qe
690 4690 713 4735 t.
783 4686 805 4718 ⁷⁹
829 4684 905 4751 num]
931 4703 963 4735 an
986 4688 1057 4736 non?
1089 4686 1221 4750 Cfisnpra
1244 4686 1280 4735 ad
1300 4686 1466 4752 oodbeqq.

173 4764 196 4798 θ’
214 4765 336 4833 privata]
353 4770 371 4819 i.
385 4785 407 4818 e.
422 4770 474 4832 ipsi
488 4772 606 4833 propria.
659 4767 681 4799 ⁹³
699 4770 905 4836 Monbromnrqj
926 4774 947 4820 1.
1000 4769 1023 4801 ⁹⁹
1041 4767 1083 4836 ut]
1101 4787 1183 4836 queem.
1238 4768 1270 4804 ¹⁰⁸
1288 4769 1383 4820 seder·
1403 4773 1427 4820 t.
1485 4768 1494 4783 '

1175 4855 1245 4924 13*
