3294 5408
165 388 239 460 446
261 417 436 455 BLRVTERBII
449 416 552 452 BHRNI
565 414 725 453 TRIVUPHVB
739 415 877 452 DOCTOBIS
890 415 1032 451 BBVCRUN
1047 415 1311 454 lineamentorum
1325 417 1486 455 Burconem.

369 573 482 653 Verpns
505 571 542 632 alr
565 570 623 631 hoe
645 570 855 650 llonaehisque
878 571 958 633 elealit
979 572 1059 650 quod
1081 571 1205 634 turbine
1229 581 1322 634 moto

368 672 506 736 lmbelles
528 691 635 736 acuere
658 675 731 742 iras;
755 674 824 734 hino
846 672 894 735 illa
917 680 1041 753 repento

369 776 402 836 ln
425 776 574 854 Capniona
598 777 651 836 viri
674 775 798 837 conllata
822 782 867 837 est
889 775 991 846 laelio,
1015 775 1090 836 livor

368 879 443 939 Hine
465 895 556 956 vagus
579 879 712 949 emersit,
735 886 844 957 praeter
866 880 916 957 qni
939 879 1087 939 Teutonas
1109 879 1204 940 urbes

304 999 354 1039 roeo
368 981 404 1040 Et
426 981 543 1041 doctam
565 978 677 1041 ltaliam
700 988 729 1041 et
751 981 850 1041 luscos
872 979 1008 1059 impleret
1031 981 1149 1049 llreros,

367 1084 526 1144 Pannonas
548 1090 577 1144 et
599 1082 725 1162 populos
748 1100 823 1160 quos
845 1082 992 1145 lllraetious
1015 1083 1098 1145 alluit
1119 1084 1214 1153 lster‚

370 1186 506 1265 Quotque
528 1191 609 1246 senat
631 1184 804 1255 Rhodanus,
828 1195 902 1262 quot
922 1186 1044 1247 inumlat
1066 1186 1205 1265 Sequana
1229 1196 1363 1264 gentos,

370 1288 501 1365 Qumque
524 1286 698 1349 Caledonios
719 1288 883 1367 penetravit
904 1287 989 1349 turba
1013 1289 1186 1357 Britannos:

370 1390 424 1451 llic
447 1388 521 1450 libor
544 1397 588 1451 esl
610 1397 698 1469 atque
720 1389 778 1450 hoe
800 1392 932 1468 congesti
954 1392 1067 1469 insigne
1089 1389 1200 1460 duelli,

306 1513 356 1552 roas
372 1492 478 1553 Notum
501 1491 589 1553 laude
610 1510 680 1562 sua,
703 1492 781 1571 quod
805 1511 873 1553 cum
895 1492 1068 1570 phanaticos
1090 1493 1150 1571 igni

371 1594 477 1656 Ferret
498 1594 719 1670 Hogostrattus,
744 1594 876 1674 Gapnion
898 1595 1018 1656 victrice
1041 1595 1170 1656 Minerva

370 1698 501 1777 Eripuit,
525 1703 680 1775 tutumque
703 1704 784 1758 tenet
805 1715 984 1776 semperque
1006 1698 1134 1766 tenebit,

370 1800 482 1877 Ingenii
505 1806 696 1860 monumenta
718 1801 777 1869 sui,
802 1801 980 1862 monimenta
1004 1801 1116 1881 pericli.

370 1902 453 1962 Laeva
476 1903 552 1978 gerit
573 1908 697 1962 teretem
721 1903 831 1962 victrici
855 1921 890 1963 ex
913 1902 1021 1964 arbore
1044 1921 1176 1972 ramum,

306 2021 355 2063 roso
370 2004 518 2066 Caesareas
540 2001 653 2081 aquilas
675 2003 795 2073 thorax,
819 2005 947 2066 victricia
968 2006 1066 2084 signa,

369 2105 469 2168 Pietus
491 2104 597 2174 habet;
620 2106 727 2166 virides
750 2107 861 2167 circum
886 2114 929 2167 est
952 2107 1042 2169 effusa
1066 2107 1228 2186 quadrigas
1296 2108 1365 2186 32¹1ss
1374 2113 1484 2197 &35:553

369 2208 437 2269 lure
459 2210 552 2287 perita
575 2207 683 2269 cohors
705 2216 862 2286 vatumque
884 2210 1032 2270 exercitus
1054 2212 1163 2280 omnis,

369 2311 551 2389 lugenioque
574 2327 677 2371 omnes
700 2309 772 2371 olari
794 2311 951 2391 studioque
974 2313 1127 2392 frequente

371 2413 510 2483 Laudati,
527 2430 667 2495 quosque
689 2413 785 2474 elleeit
806 2413 938 2474 doctrina
962 2414 1121 2485 celebreis,

307 2530 356 2571 roas
367 2515 458 2586 Quive
481 2513 579 2594 aliquo
602 2531 740 2576 meruere
762 2514 819 2576 ooli
841 2524 937 2596 paeto.
961 2516 1099 2578 omnibus
1120 2518 1185 2578 istis

371 2618 454 2678 lllens
477 2624 539 2676 erat
561 2618 591 2676 in
612 2616 761 2678 flammam
783 2635 983 2699 supremaque
1006 2620 1109 2681 lunera
1133 2621 1211 2680 victo

371 2719 444 2780 Cum
468 2718 617 2798 Capnione
639 2719 716 2780 trahi
738 2726 768 2780 et
789 2721 887 2781 medio
908 2722 939 2781 in
961 2721 1121 2783 certamine
1144 2722 1232 2800 siqua

371 2821 461 2883 Forte
484 2819 660 2889 laborasset,
684 2823 814 2902 prompti
838 2841 1033 2895 concurrere,
1057 2824 1187 2903 prompti

370 2922 485 2984 Auxilio
507 2923 668 2985 succedere
690 2932 775 2985 erant
796 2927 978 3005 summisque
1000 2924 1119 3006 periclis

304 3044 353 3085 soso
368 3025 490 3087 leices
512 3026 624 3087 animas
647 3024 823 3106 dulcemque
846 3045 996 3109 exponere
1019 3029 1120 3089 vitam:

371 3130 494 3191 Centum
518 3125 605 3189 ltalos
627 3128 727 3194 rideo,
751 3136 869 3190 eentum
891 3128 948 3190 hae
971 3149 1006 3191 ex
1029 3137 1117 3207 gente
1138 3136 1261 3207 poetas,

370 3230 406 3290 Et
427 3229 547 3291 totidem
571 3230 644 3289 iuris
665 3231 782 3303 doctos,
806 3231 857 3291 sed
881 3233 1000 3293 nomina
1023 3231 1154 3292 nondum

370 3331 474 3392 Omnia
497 3338 565 3392 nota
589 3332 678 3392 mihi:
702 3333 784 3393 virleu
808 3351 824 3393 a
848 3333 997 3412 Capnione
1020 3335 1114 3394 notari

371 3435 524 3513 Quemque
545 3451 600 3494 sno
623 3433 723 3505 titulo,
747 3435 832 3496 video
856 3436 1008 3515 impertire
1028 3433 1169 3503 salutem;

306 3556 355 3598 mu
369 3535 515 3597 Omnibus
536 3535 584 3596 liis
606 3553 665 3596 non
689 3535 752 3597 vilis
774 3537 883 3608 honos,
908 3555 1069 3616 omnesque
1091 3537 1195 3597 virenti

371 3631 489 3699 Fronde
505 3646 629 3699 coronat
644 3636 739 3718 helyx.
764 3638 804 3699 lla
821 3656 916 3708 nunc,
933 3639 985 3710 da,
1002 3638 1132 3707 Phorco,
1149 3639 1330 3720 triumpho,

370 3739 411 3801 lla
435 3758 610 3821 pompaque
631 3739 743 3809 loeum;
767 3758 845 3802 nunc
868 3749 919 3811 tu,
943 3742 1137 3803 communiter
1159 3742 1261 3802 omnis

370 3841 456 3903 Nune
478 3842 541 3903 laeta
565 3850 653 3924 atque
676 3843 761 3903 hilari
783 3862 924 3922 pereussa
947 3844 983 3916 ad
1007 3844 1112 3924 sydera
1134 3861 1207 3904 voce

370 3944 453 4006 Dicat
474 3945 520 4014 lo,
544 3947 569 4007 si
592 3965 624 4007 se
647 3947 727 4007 novit
749 3948 920 4017 Germania,
944 3946 1030 4009 alieni.

166 4138 364 4146 ,α’-

236 4252 280 4286 1111
292 4250 409 4319 Verpus]
432 4253 611 4303 circumcisus
624 4252 681 4302 loo.
694 4252 903 4317 Peperieornns.
969 4251 1040 4316 quod
1053 4251 1089 4316 (q
1102 4253 1124 4300 l.
1132 4249 1169 4313 2.)
1182 4251 1242 4301 edel.
1256 4260 1368 4316 proeter
1387 4259 1435 4322 qni
1446 4263 1470 4308 5.

168 4337 211 4372 1111
234 4338 376 4404 Capnione
400 4340 461 4390 edd.
529 4334 593 4402 riri]
617 4335 812 4388 Plefferlrorni.
882 4333 924 4369 ¹⁰²¹
948 4336 1092 4387 Ithoetieus
1111 4339 1136 4387 3.
1146 4337 1170 4384 4.
1242 4336 1329 4389 alluit
1352 4345 1427 4393 omn.
1447 4347 1469 4392 2.

167 4422 211 4457 1111
229 4422 396 4488 Calydonios
414 4425 474 4474 edd.
494 4421 606 4473 correxi
624 4421 749 4486 quumvis
771 4421 806 4470 ab
831 4421 891 4486 ipso
915 4426 1028 4472 auctore
1053 4436 1170 4472 errorem
1193 4435 1243 4485 pro
1267 4424 1315 4473 sui
1334 4429 1469 4491 temporis

166 4525 251 4575 pravo
268 4524 320 4559 usn
338 4509 502 4559 conmissum
521 4523 581 4558 ossa
599 4510 701 4572 pntom.
766 4503 809 4538 ¹⁰¹⁸
828 4504 956 4571 monum]
975 4507 1142 4557 monimenta
1160 4508 1251 4556 3.4.7.
1323 4506 1372 4542 ¹⁰²⁹
1390 4513 1468 4562 Lena

168 4596 286 4647 nme.
339 4591 384 4627 ¹⁰³⁰
401 4594 490 4644 Pictis
508 4595 567 4643 edd.
621 4588 666 4624 ¹⁰⁴⁰
682 4590 793 4640 Felices
813 4593 919 4641 ³...5.7.
973 4588 1015 4624 ¹⁰⁴¹
1035 4589 1099 4657 hae]
1121 4591 1301 4642 Germanico.
1362 4592 1407 4628 ¹⁰⁴³
1425 4595 1466 4646 cf.

166 4677 420 4729 Ronehlinistarum
443 4678 594 4728 exereitum
621 4675 675 4727 vol.
688 4675 711 4726 1.
724 4691 750 4740 p.
766 4674 823 4726 130.
837 4691 877 4739 sq.
956 4673 999 4708 ¹⁰⁴⁴
1018 4678 1128 4742 Qurenqj
1147 4678 1218 4725 t...⁴.
1250 4677 1393 4744 Quemque
1411 4685 1466 4731 Μ.

168 4761 311 4824 impartire
330 4765 356 4812 3.
365 4766 389 4814 4.
397 4767 421 4812 7.
474 4759 520 4796 ¹⁰⁴⁸
537 4763 631 4813 sidera
650 4764 709 4812 3.·1.
717 4765 739 4811 7.
