<?xml version="1.0" encoding="UTF-8"?>
<!DOCTYPE html PUBLIC "-//W3C//DTD XHTML 1.0 Transitional//EN"
    "http://www.w3.org/TR/xhtml1/DTD/xhtml1-transitional.dtd">
<html xmlns="http://www.w3.org/1999/xhtml" xml:lang="en" lang="en">
 <head>
  <title>
</title>
<meta http-equiv="Content-Type" content="text/html;charset=utf-8" />
  <meta name='ocr-system' content='tesseract 3.04.00' />
  <meta name='ocr-capabilities' content='ocr_page ocr_carea ocr_par ocr_line ocrx_word'/>
</head>
<body>
  <div class='ocr_page' id='page_1' title='image "./ulrichihuttenie04huttgoog_0122.png"; bbox 0 0 3294 5408; ppageno 0'>
   <div class='ocr_carea' id='block_1_1' title="bbox 395 393 1476 463">
    <p class='ocr_par' dir='ltr' id='par_1_1' title="bbox 395 393 1476 463">
     <span class='ocr_line' id='line_1_1' title="bbox 395 393 1476 463; baseline -0.002 -5"><span class='ocrx_word' id='word_1_1' title='bbox 395 420 555 458; x_wconf 67' lang='lat' dir='ltr'><strong>turoneum</strong></span> <span class='ocrx_word' id='word_1_2' title='bbox 568 422 603 456; x_wconf 77' lang='lat' dir='ltr'><strong>mr</strong></span> <span class='ocrx_word' id='word_1_3' title='bbox 616 422 707 457; x_wconf 68' lang='lat' dir='ltr'>1081ss</span> <span class='ocrx_word' id='word_1_4' title='bbox 721 421 777 457; x_wconf 78' lang='grc' dir='ltr'><strong>ΙΟΔ.</strong></span> <span class='ocrx_word' id='word_1_5' title='bbox 792 422 946 457; x_wconf 68' lang='grc' dir='ltr'><strong>ΙῩΕΙΕΗᾸ.</strong></span> <span class='ocrx_word' id='word_1_6' title='bbox 999 422 1100 458; x_wconf 72' lang='lat' dir='ltr'><strong>urserit</strong></span> <span class='ocrx_word' id='word_1_7' title='bbox 1113 423 1273 458; x_wconf 66' lang='lat' dir='ltr'>EPICRDION.</span> <span class='ocrx_word' id='word_1_8' title='bbox 1429 393 1476 463; x_wconf 68' lang='grc'><strong>85</strong></span> 
     </span>
    </p>
   </div>
   <div class='ocr_carea' id='block_1_2' title="bbox 157 573 1477 2173">
    <p class='ocr_par' dir='ltr' id='par_1_2' title="bbox 170 573 1477 1324">
     <span class='ocr_line' id='line_1_2' title="bbox 190 573 1477 646; baseline 0.001 -15"><span class='ocrx_word' id='word_1_9' title='bbox 190 575 260 640; x_wconf 58' lang='lat' dir='ltr'><strong>„im</strong></span> <span class='ocrx_word' id='word_1_10' title='bbox 278 575 362 641; x_wconf 71' lang='lat' dir='ltr'><strong>lstlrrr</strong></span> <span class='ocrx_word' id='word_1_11' title='bbox 379 575 431 630; x_wconf 66' lang='lat' dir='ltr'><strong>Cot</strong></span> <span class='ocrx_word' id='word_1_12' title='bbox 448 573 626 641; x_wconf 74' lang='lat' dir='ltr'><strong>{Ourrertrirrl</strong></span> <span class='ocrx_word' id='word_1_13' title='bbox 644 575 707 638; x_wconf 82' lang='lat' dir='ltr'><strong>ltorb</strong></span> <span class='ocrx_word' id='word_1_14' title='bbox 726 591 764 637; x_wconf 78' lang='lat' dir='ltr'><strong>rr,</strong></span> <span class='ocrx_word' id='word_1_15' title='bbox 787 575 834 629; x_wconf 79' lang='lat' dir='ltr'><strong>loir</strong></span> <span class='ocrx_word' id='word_1_16' title='bbox 853 575 932 645; x_wconf 74' lang='lat' dir='ltr'><strong>tirriqr</strong></span> <span class='ocrx_word' id='word_1_17' title='bbox 950 582 1089 641; x_wconf 70' lang='lat' dir='ltr'><strong>urrmutlpct</strong></span> <span class='ocrx_word' id='word_1_18' title='bbox 1113 582 1205 639; x_wconf 73' lang='lat' dir='ltr'><strong>buben,</strong></span> <span class='ocrx_word' id='word_1_19' title='bbox 1229 592 1264 629; x_wconf 85' lang='lat' dir='ltr'><strong>uu</strong></span> <span class='ocrx_word' id='word_1_20' title='bbox 1282 576 1354 640; x_wconf 73' lang='lat' dir='ltr'><strong>(biit,</strong></span> <span class='ocrx_word' id='word_1_21' title='bbox 1375 581 1477 646; x_wconf 24' lang='lat' dir='ltr'><strong>,nullast</strong></span> 
     </span>
     <span class='ocr_line' id='line_1_3' title="bbox 191 659 1476 731; baseline 0.001 -17"><span class='ocrx_word' id='word_1_22' title='bbox 191 661 247 727; x_wconf 75' lang='lat' dir='ltr'><strong>itur</strong></span> <span class='ocrx_word' id='word_1_23' title='bbox 269 661 340 717; x_wconf 73' lang='lat' dir='ltr'><strong>cluet</strong></span> <span class='ocrx_word' id='word_1_24' title='bbox 364 660 695 726; x_wconf 61' lang='lat' dir='ltr'><strong>superposueramus</strong></span> <span class='ocrx_word' id='word_1_25' title='bbox 718 659 838 723; x_wconf 75' lang='lat' dir='ltr'><strong>titulus,</strong></span> <span class='ocrx_word' id='word_1_26' title='bbox 862 660 1008 731; x_wconf 69' lang='lat' dir='ltr'><strong>boiqcbruqt</strong></span> <span class='ocrx_word' id='word_1_27' title='bbox 1033 662 1111 721; x_wconf 79' lang='lat' dir='ltr'><strong>betur</strong></span> <span class='ocrx_word' id='word_1_28' title='bbox 1136 660 1180 725; x_wconf 76' lang='lat' dir='ltr'><strong>lull</strong></span> <span class='ocrx_word' id='word_1_29' title='bbox 1197 689 1232 699; x_wconf 91' lang='lat'><em>-</em></span> <span class='ocrx_word' id='word_1_30' title='bbox 1249 660 1371 726; x_wconf 71' lang='lat' dir='ltr'><strong>nurture</strong></span> <span class='ocrx_word' id='word_1_31' title='bbox 1394 664 1476 716; x_wconf 78' lang='lat' dir='ltr'><strong>iteum</strong></span> 
     </span>
     <span class='ocr_line' id='line_1_4' title="bbox 192 736 1475 815; baseline 0.002 -15"><span class='ocrx_word' id='word_1_32' title='bbox 192 745 264 811; x_wconf 81' lang='lat' dir='ltr'><strong>tlibrt</strong></span> <span class='ocrx_word' id='word_1_33' title='bbox 285 744 350 811; x_wconf 75' lang='lat' dir='ltr'><strong>tiele</strong></span> <span class='ocrx_word' id='word_1_34' title='bbox 362 744 436 815; x_wconf 60' lang='lat' dir='ltr'><strong>&amp;ope</strong></span> <span class='ocrx_word' id='word_1_35' title='bbox 459 746 502 801; x_wconf 76' lang='lat' dir='ltr'><strong>ult</strong></span> <span class='ocrx_word' id='word_1_36' title='bbox 524 746 634 807; x_wconf 82' lang='lat' dir='ltr'><strong>uuuutr</strong></span> <span class='ocrx_word' id='word_1_37' title='bbox 651 736 685 799; x_wconf 83' lang='lat' dir='ltr'><strong>uri</strong></span> <span class='ocrx_word' id='word_1_38' title='bbox 702 772 735 781; x_wconf 94' lang='lat'><em>-</em></span> <span class='ocrx_word' id='word_1_39' title='bbox 754 745 791 798; x_wconf 87' lang='lat' dir='ltr'><strong>iur</strong></span> <span class='ocrx_word' id='word_1_40' title='bbox 801 744 872 810; x_wconf 56' lang='lat' dir='ltr'><strong>globo</strong></span> <span class='ocrx_word' id='word_1_41' title='bbox 892 745 988 811; x_wconf 67' lang='lat' dir='ltr'><strong>low,</strong></span> <span class='ocrx_word' id='word_1_42' title='bbox 1012 747 1071 796; x_wconf 83' lang='lat' dir='ltr'><strong>nie:</strong></span> <span class='ocrx_word' id='word_1_43' title='bbox 1090 745 1228 809; x_wconf 80' lang='lat' dir='ltr'><strong>„ibereilte</strong></span> <span class='ocrx_word' id='word_1_44' title='bbox 1247 745 1300 810; x_wconf 80' lang='lat' dir='ltr'><strong>ibn,</strong></span> <span class='ocrx_word' id='word_1_45' title='bbox 1318 760 1360 801; x_wconf 87' lang='lat' dir='ltr'><strong>um</strong></span> <span class='ocrx_word' id='word_1_46' title='bbox 1377 750 1401 797; x_wconf 77' lang='lat'><strong>2.</strong></span> <span class='ocrx_word' id='word_1_47' title='bbox 1416 747 1475 803; x_wconf 71' lang='lat' dir='ltr'><strong>Du.</strong></span> 
     </span>
     <span class='ocr_line' id='line_1_5' title="bbox 192 828 1476 899; baseline 0.005 -18"><span class='ocrx_word' id='word_1_48' title='bbox 192 830 272 899; x_wconf 74' lang='lat'><strong>1517,</strong></span> <span class='ocrx_word' id='word_1_49' title='bbox 291 831 333 885; x_wconf 76' lang='lat' dir='ltr'><strong>ter</strong></span> <span class='ocrx_word' id='word_1_50' title='bbox 349 831 404 887; x_wconf 76' lang='lat' dir='ltr'><strong>usu</strong></span> <span class='ocrx_word' id='word_1_51' title='bbox 422 832 474 885; x_wconf 86' lang='lat' dir='ltr'><strong>uut</strong></span> <span class='ocrx_word' id='word_1_52' title='bbox 493 836 520 885; x_wconf 77' lang='lat' dir='ltr'><strong>et</strong></span> <span class='ocrx_word' id='word_1_53' title='bbox 538 829 682 884; x_wconf 76' lang='lat' dir='ltr'><strong>ucrbroitrte</strong></span> <span class='ocrx_word' id='word_1_54' title='bbox 701 829 743 895; x_wconf 73' lang='lat' dir='ltr'><strong>srq</strong></span> <span class='ocrx_word' id='word_1_55' title='bbox 762 831 803 884; x_wconf 84' lang='lat' dir='ltr'><strong>brt</strong></span> <span class='ocrx_word' id='word_1_56' title='bbox 821 829 952 893; x_wconf 73' lang='lat' dir='ltr'><strong>ilrrbutbt,</strong></span> <span class='ocrx_word' id='word_1_57' title='bbox 970 845 995 884; x_wconf 83' lang='lat' dir='ltr'><strong>rr</strong></span> <span class='ocrx_word' id='word_1_58' title='bbox 1014 830 1047 892; x_wconf 76' lang='lat' dir='ltr'><strong>iri</strong></span> <span class='ocrx_word' id='word_1_59' title='bbox 1067 845 1101 884; x_wconf 87' lang='lat' dir='ltr'><strong>ou</strong></span> <span class='ocrx_word' id='word_1_60' title='bbox 1118 828 1191 895; x_wconf 74' lang='lat' dir='ltr'><strong>utu,</strong></span> <span class='ocrx_word' id='word_1_61' title='bbox 1210 832 1258 886; x_wconf 78' lang='lat' dir='ltr'><strong>but</strong></span> <span class='ocrx_word' id='word_1_62' title='bbox 1276 829 1332 894; x_wconf 74' lang='lat' dir='ltr'><strong>itur</strong></span> <span class='ocrx_word' id='word_1_63' title='bbox 1348 841 1400 886; x_wconf 74' lang='lat' dir='ltr'><strong>uror</strong></span> <span class='ocrx_word' id='word_1_64' title='bbox 1416 831 1476 898; x_wconf 71' lang='lat' dir='ltr'><strong>puri</strong></span> 
     </span>
     <span class='ocr_line' id='line_1_6' title="bbox 170 913 1477 985; baseline -0.002 -14"><span class='ocrx_word' id='word_1_65' title='bbox 170 915 303 979; x_wconf 72' lang='lat' dir='ltr'><strong>suentes</strong></span> <span class='ocrx_word' id='word_1_66' title='bbox 319 914 447 980; x_wconf 55' lang='lat' dir='ltr'><strong>&amp;distrui</strong></span> <span class='ocrx_word' id='word_1_67' title='bbox 469 915 497 968; x_wconf 85' lang='lat' dir='ltr'><strong>iu</strong></span> <span class='ocrx_word' id='word_1_68' title='bbox 521 913 596 970; x_wconf 75' lang='lat' dir='ltr'><strong>itriu</strong></span> <span class='ocrx_word' id='word_1_69' title='bbox 619 914 767 985; x_wconf 76' lang='lat' dir='ltr'><strong>boiqrbtutbt</strong></span> <span class='ocrx_word' id='word_1_70' title='bbox 789 914 905 978; x_wconf 79' lang='lat' dir='ltr'><strong>nostru,</strong></span> <span class='ocrx_word' id='word_1_71' title='bbox 928 914 1080 984; x_wconf 52' lang='lat' dir='ltr'><strong>prierius&amp;</strong></span> <span class='ocrx_word' id='word_1_72' title='bbox 1116 916 1235 966; x_wconf 83' lang='lat' dir='ltr'>Produxi</span> <span class='ocrx_word' id='word_1_73' title='bbox 1258 931 1372 982; x_wconf 88' lang='lat' dir='ltr'><strong>quorum</strong></span> <span class='ocrx_word' id='word_1_74' title='bbox 1394 921 1477 984; x_wconf 80' lang='lat' dir='ltr'><strong>copie</strong></span> 
     </span>
     <span class='ocr_line' id='line_1_7' title="bbox 189 999 1477 1068; baseline 0 -15"><span class='ocrx_word' id='word_1_75' title='bbox 189 1002 258 1053; x_wconf 85' lang='lat' dir='ltr'><strong>milri</strong></span> <span class='ocrx_word' id='word_1_76' title='bbox 275 999 354 1053; x_wconf 75' lang='lat' dir='ltr'><strong>secta</strong></span> <span class='ocrx_word' id='word_1_77' title='bbox 377 1007 421 1052; x_wconf 86' lang='lat' dir='ltr'><strong>est</strong></span> <span class='ocrx_word' id='word_1_78' title='bbox 445 1001 607 1051; x_wconf 87' lang='lat' dir='ltr'><strong>testimonia</strong></span> <span class='ocrx_word' id='word_1_79' title='bbox 630 1000 702 1061; x_wconf 88' lang='lat' dir='ltr'><strong>(narn</strong></span> <span class='ocrx_word' id='word_1_80' title='bbox 721 1001 866 1050; x_wconf 83' lang='lat' dir='ltr'><strong>Frenclsci</strong></span> <span class='ocrx_word' id='word_1_81' title='bbox 890 1000 1015 1051; x_wconf 86' lang='lat' dir='ltr'><strong>Sweertii</strong></span> <span class='ocrx_word' id='word_1_82' title='bbox 1037 1001 1161 1051; x_wconf 82' lang='lat' dir='ltr'><strong>Athenas</strong></span> <span class='ocrx_word' id='word_1_83' title='bbox 1179 1002 1310 1068; x_wconf 81' lang='lat' dir='ltr'><strong>Belgicus</strong></span> <span class='ocrx_word' id='word_1_84' title='bbox 1333 1007 1363 1052; x_wconf 90' lang='lat' dir='ltr'><strong>et</strong></span> <span class='ocrx_word' id='word_1_85' title='bbox 1378 1003 1477 1054; x_wconf 89' lang='lat' dir='ltr'><strong>Iacobi</strong></span> 
     </span>
     <span class='ocr_line' id='line_1_8' title="bbox 188 1085 1476 1150; baseline 0 -12"><span class='ocrx_word' id='word_1_86' title='bbox 188 1088 272 1139; x_wconf 74' lang='lat' dir='ltr'><strong>nerii</strong></span> <span class='ocrx_word' id='word_1_87' title='bbox 289 1087 470 1137; x_wconf 75' lang='lat' dir='ltr'><strong>Deventriem</strong></span> <span class='ocrx_word' id='word_1_88' title='bbox 489 1085 655 1137; x_wconf 79' lang='lat' dir='ltr'><strong>illustratum</strong></span> <span class='ocrx_word' id='word_1_89' title='bbox 674 1086 811 1150; x_wconf 79' lang='lat' dir='ltr'><strong>inspicere</strong></span> <span class='ocrx_word' id='word_1_90' title='bbox 834 1100 907 1136; x_wconf 89' lang='lat' dir='ltr'><strong>nuuc</strong></span> <span class='ocrx_word' id='word_1_91' title='bbox 930 1101 984 1136; x_wconf 89' lang='lat' dir='ltr'><strong>non</strong></span> <span class='ocrx_word' id='word_1_92' title='bbox 1006 1086 1100 1136; x_wconf 82' lang='lat' dir='ltr'><strong>dotum</strong></span> <span class='ocrx_word' id='word_1_93' title='bbox 1124 1091 1179 1148; x_wconf 87' lang='lat' dir='ltr'><strong>est,</strong></span> <span class='ocrx_word' id='word_1_94' title='bbox 1202 1102 1254 1136; x_wconf 90' lang='lat' dir='ltr'><strong>nee</strong></span> <span class='ocrx_word' id='word_1_95' title='bbox 1272 1087 1411 1139; x_wconf 74' lang='lat' dir='ltr'><strong>Gallicum</strong></span> <span class='ocrx_word' id='word_1_96' title='bbox 1427 1089 1476 1138; x_wconf 86' lang='lat' dir='ltr'><strong>Ni·</strong></span> 
     </span>
     <span class='ocr_line' id='line_1_9' title="bbox 188 1169 1476 1238; baseline -0.001 -14"><span class='ocrx_word' id='word_1_97' title='bbox 188 1173 300 1225; x_wconf 78' lang='lat' dir='ltr'><strong>eeroule</strong></span> <span class='ocrx_word' id='word_1_98' title='bbox 322 1169 487 1238; x_wconf 83' lang='lat' dir='ltr'><strong>exemplum)</strong></span> <span class='ocrx_word' id='word_1_99' title='bbox 510 1175 610 1236; x_wconf 76' lang='lat' dir='ltr'><strong>praeter</strong></span> <span class='ocrx_word' id='word_1_100' title='bbox 627 1170 724 1220; x_wconf 84' lang='lat' dir='ltr'><strong>lacobi</strong></span> <span class='ocrx_word' id='word_1_101' title='bbox 741 1170 894 1221; x_wconf 85' lang='lat' dir='ltr'><strong>Burehurdi</strong></span> <span class='ocrx_word' id='word_1_102' title='bbox 912 1170 1016 1232; x_wconf 88' lang='lat' dir='ltr'><strong>omnia,</strong></span> <span class='ocrx_word' id='word_1_103' title='bbox 1041 1187 1120 1235; x_wconf 88' lang='lat' dir='ltr'><strong>quem</strong></span> <span class='ocrx_word' id='word_1_104' title='bbox 1143 1177 1242 1222; x_wconf 85' lang='lat' dir='ltr'><strong>testem</strong></span> <span class='ocrx_word' id='word_1_105' title='bbox 1265 1177 1327 1237; x_wconf 86' lang='lat' dir='ltr'><strong>post</strong></span> <span class='ocrx_word' id='word_1_106' title='bbox 1343 1173 1476 1223; x_wconf 79' lang='lat' dir='ltr'><strong>Adamum</strong></span> 
     </span>
     <span class='ocr_line' id='line_1_10' title="bbox 187 1255 1475 1324; baseline -0.002 -15"><span class='ocrx_word' id='word_1_107' title='bbox 187 1257 299 1324; x_wconf 86' lang='lat' dir='ltr'><strong>prodire</strong></span> <span class='ocrx_word' id='word_1_108' title='bbox 317 1258 475 1319; x_wconf 80' lang='lat' dir='ltr'><strong>iussissem,</strong></span> <span class='ocrx_word' id='word_1_109' title='bbox 498 1257 522 1305; x_wconf 88' lang='lat' dir='ltr'><strong>si</strong></span> <span class='ocrx_word' id='word_1_110' title='bbox 546 1259 635 1322; x_wconf 90' lang='lat' dir='ltr'><strong>ipsum</strong></span> <span class='ocrx_word' id='word_1_111' title='bbox 659 1255 691 1306; x_wconf 90' lang='lat' dir='ltr'><strong>de</strong></span> <span class='ocrx_word' id='word_1_112' title='bbox 710 1255 847 1305; x_wconf 85' lang='lat' dir='ltr'><strong>blurmelli</strong></span> <span class='ocrx_word' id='word_1_113' title='bbox 871 1255 947 1304; x_wconf 90' lang='lat' dir='ltr'><strong>obitu</strong></span> <span class='ocrx_word' id='word_1_114' title='bbox 971 1256 1057 1306; x_wconf 82' lang='lat' dir='ltr'><strong>verba</strong></span> <span class='ocrx_word' id='word_1_115' title='bbox 1076 1256 1170 1306; x_wconf 86' lang='lat' dir='ltr'><strong>tacere</strong></span> <span class='ocrx_word' id='word_1_116' title='bbox 1189 1272 1380 1319; x_wconf 80' lang='lat' dir='ltr'><strong>memorarem,</strong></span> <span class='ocrx_word' id='word_1_117' title='bbox 1405 1258 1475 1322; x_wconf 90' lang='lat' dir='ltr'><strong>quod</strong></span> 
     </span>
    </p>

    <p class='ocr_par' dir='ltr' id='par_1_3' title="bbox 158 1339 1475 1746">
     <span class='ocr_line' id='line_1_11' title="bbox 158 1339 1475 1409; baseline 0.004 -21"><span class='ocrx_word' id='word_1_118' title='bbox 158 1343 220 1395; x_wconf 76' lang='lat' dir='ltr'><strong>ltin</strong></span> <span class='ocrx_word' id='word_1_119' title='bbox 238 1348 364 1409; x_wconf 89' lang='lat' dir='ltr'><strong>utroque,</strong></span> <span class='ocrx_word' id='word_1_120' title='bbox 385 1346 433 1391; x_wconf 82' lang='lat' dir='ltr'><strong>eut</strong></span> <span class='ocrx_word' id='word_1_121' title='bbox 452 1340 548 1404; x_wconf 83' lang='lat' dir='ltr'><strong>sallor,</strong></span> <span class='ocrx_word' id='word_1_122' title='bbox 567 1340 601 1390; x_wconf 90' lang='lat' dir='ltr'><strong>de</strong></span> <span class='ocrx_word' id='word_1_123' title='bbox 621 1340 723 1406; x_wconf 84' lang='lat' dir='ltr'><strong>llnguae</strong></span> <span class='ocrx_word' id='word_1_124' title='bbox 742 1341 852 1390; x_wconf 68' lang='lat' dir='ltr'><strong>Latinae</strong></span> <span class='ocrx_word' id='word_1_125' title='bbox 872 1341 940 1390; x_wconf 84' lang='lat' dir='ltr'><strong>satis</strong></span> <span class='ocrx_word' id='word_1_126' title='bbox 958 1339 1096 1391; x_wconf 86' lang='lat' dir='ltr'><strong>volumine</strong></span> <span class='ocrx_word' id='word_1_127' title='bbox 1116 1357 1171 1391; x_wconf 90' lang='lat' dir='ltr'><strong>nou</strong></span> <span class='ocrx_word' id='word_1_128' title='bbox 1188 1342 1271 1392; x_wconf 80' lang='lat' dir='ltr'><strong>seo-it:</strong></span> <span class='ocrx_word' id='word_1_129' title='bbox 1295 1344 1410 1408; x_wconf 86' lang='lat' dir='ltr'><strong>repetiit</strong></span> <span class='ocrx_word' id='word_1_130' title='bbox 1428 1359 1475 1393; x_wconf 82' lang='lat' dir='ltr'><strong>au-</strong></span> 
     </span>
     <span class='ocr_line' id='line_1_12' title="bbox 186 1423 1474 1493; baseline -0.002 -15"><span class='ocrx_word' id='word_1_131' title='bbox 186 1434 245 1478; x_wconf 88' lang='lat' dir='ltr'><strong>tem</strong></span> <span class='ocrx_word' id='word_1_132' title='bbox 263 1428 293 1477; x_wconf 89' lang='lat' dir='ltr'><strong>iu</strong></span> <span class='ocrx_word' id='word_1_133' title='bbox 311 1428 370 1478; x_wconf 84' lang='lat' dir='ltr'><strong>vita</strong></span> <span class='ocrx_word' id='word_1_134' title='bbox 387 1425 502 1489; x_wconf 84' lang='lat' dir='ltr'><strong>Buscbii</strong></span> <span class='ocrx_word' id='word_1_135' title='bbox 520 1424 575 1488; x_wconf 76' lang='lat' dir='ltr'><strong>(Fr.</strong></span> <span class='ocrx_word' id='word_1_136' title='bbox 591 1423 665 1474; x_wconf 79' lang='lat' dir='ltr'><strong>llll).</strong></span> <span class='ocrx_word' id='word_1_137' title='bbox 678 1423 714 1474; x_wconf 84' lang='lat'><strong>8⁰.</strong></span> <span class='ocrx_word' id='word_1_138' title='bbox 727 1441 754 1491; x_wconf 90' lang='lat' dir='ltr'><strong>p.</strong></span> <span class='ocrx_word' id='word_1_139' title='bbox 771 1423 826 1474; x_wconf 73' lang='lat' dir='ltr'><strong>litt.</strong></span> <span class='ocrx_word' id='word_1_140' title='bbox 839 1425 910 1491; x_wconf 90' lang='lat' dir='ltr'><strong>sqq.)</strong></span> <span class='ocrx_word' id='word_1_141' title='bbox 928 1427 1120 1491; x_wconf 77' lang='lat' dir='ltr'><strong>praelationem</strong></span> <span class='ocrx_word' id='word_1_142' title='bbox 1138 1425 1219 1476; x_wconf 84' lang='lat' dir='ltr'><strong>buius</strong></span> <span class='ocrx_word' id='word_1_143' title='bbox 1236 1427 1289 1479; x_wconf 83' lang='lat' dir='ltr'><strong>viri</strong></span> <span class='ocrx_word' id='word_1_144' title='bbox 1306 1428 1474 1493; x_wconf 75' lang='lat' dir='ltr'><strong>proemissem</strong></span> 
     </span>
     <span class='ocr_line' id='line_1_13' title="bbox 187 1510 1475 1577; baseline 0 -14"><span class='ocrx_word' id='word_1_145' title='bbox 187 1514 251 1563; x_wconf 84' lang='lat' dir='ltr'><strong>eius</strong></span> <span class='ocrx_word' id='word_1_146' title='bbox 264 1512 293 1563; x_wconf 91' lang='lat' dir='ltr'><strong>in</strong></span> <span class='ocrx_word' id='word_1_147' title='bbox 304 1511 451 1562; x_wconf 81' lang='lat' dir='ltr'><strong>Murmellii</strong></span> <span class='ocrx_word' id='word_1_148' title='bbox 465 1511 569 1561; x_wconf 88' lang='lat' dir='ltr'><strong>obitum</strong></span> <span class='ocrx_word' id='word_1_149' title='bbox 587 1510 721 1576; x_wconf 82' lang='lat' dir='ltr'><strong>epicedio,</strong></span> <span class='ocrx_word' id='word_1_150' title='bbox 741 1510 811 1575; x_wconf 92' lang='lat' dir='ltr'><strong>quod</strong></span> <span class='ocrx_word' id='word_1_151' title='bbox 830 1526 940 1560; x_wconf 81' lang='lat' dir='ltr'><strong>carmen</strong></span> <span class='ocrx_word' id='word_1_152' title='bbox 958 1527 1012 1561; x_wconf 90' lang='lat' dir='ltr'><strong>non</strong></span> <span class='ocrx_word' id='word_1_153' title='bbox 1030 1511 1118 1561; x_wconf 88' lang='lat' dir='ltr'><strong>solum</strong></span> <span class='ocrx_word' id='word_1_154' title='bbox 1135 1511 1276 1577; x_wconf 86' lang='lat' dir='ltr'><strong>utriusque</strong></span> <span class='ocrx_word' id='word_1_155' title='bbox 1294 1513 1358 1573; x_wconf 87' lang='lat' dir='ltr'><strong>viri,</strong></span> <span class='ocrx_word' id='word_1_156' title='bbox 1376 1518 1404 1562; x_wconf 92' lang='lat' dir='ltr'><strong>et</strong></span> <span class='ocrx_word' id='word_1_157' title='bbox 1416 1512 1475 1563; x_wconf 89' lang='lat' dir='ltr'><strong>lau·</strong></span> 
     </span>
     <span class='ocr_line' id='line_1_14' title="bbox 185 1594 1474 1661; baseline 0 -13"><span class='ocrx_word' id='word_1_158' title='bbox 185 1598 250 1648; x_wconf 77' lang='lat' dir='ltr'><strong>dati</strong></span> <span class='ocrx_word' id='word_1_159' title='bbox 268 1602 298 1648; x_wconf 91' lang='lat' dir='ltr'><strong>et</strong></span> <span class='ocrx_word' id='word_1_160' title='bbox 316 1596 469 1658; x_wconf 88' lang='lat' dir='ltr'><strong>laudantis,</strong></span> <span class='ocrx_word' id='word_1_161' title='bbox 487 1595 585 1645; x_wconf 82' lang='lat' dir='ltr'><strong>leudes</strong></span> <span class='ocrx_word' id='word_1_162' title='bbox 604 1595 702 1645; x_wconf 89' lang='lat' dir='ltr'><strong>merito</strong></span> <span class='ocrx_word' id='word_1_163' title='bbox 722 1600 819 1661; x_wconf 78' lang='lat' dir='ltr'><strong>auget,</strong></span> <span class='ocrx_word' id='word_1_164' title='bbox 840 1594 891 1645; x_wconf 90' lang='lat' dir='ltr'><strong>sed</strong></span> <span class='ocrx_word' id='word_1_165' title='bbox 910 1595 980 1645; x_wconf 83' lang='lat' dir='ltr'><strong>lucit</strong></span> <span class='ocrx_word' id='word_1_166' title='bbox 999 1597 1098 1659; x_wconf 87' lang='lat' dir='ltr'><strong>etium,</strong></span> <span class='ocrx_word' id='word_1_167' title='bbox 1119 1600 1148 1644; x_wconf 91' lang='lat' dir='ltr'><strong>ut</strong></span> <span class='ocrx_word' id='word_1_168' title='bbox 1165 1595 1348 1647; x_wconf 81' lang='lat' dir='ltr'><strong>blurmellium</strong></span> <span class='ocrx_word' id='word_1_169' title='bbox 1367 1613 1474 1648; x_wconf 86' lang='lat' dir='ltr'><strong>veneno</strong></span> 
     </span>
     <span class='ocr_line' id='line_1_15' title="bbox 186 1679 1474 1746; baseline 0 -13"><span class='ocrx_word' id='word_1_170' title='bbox 186 1682 328 1733; x_wconf 79' lang='lat' dir='ltr'><strong>sublatum</strong></span> <span class='ocrx_word' id='word_1_171' title='bbox 347 1697 408 1732; x_wconf 89' lang='lat' dir='ltr'><strong>esse</strong></span> <span class='ocrx_word' id='word_1_172' title='bbox 427 1681 540 1731; x_wconf 87' lang='lat' dir='ltr'><strong>eredere</strong></span> <span class='ocrx_word' id='word_1_173' title='bbox 563 1679 726 1743; x_wconf 75' lang='lat' dir='ltr'><strong>debeamus,</strong></span> <span class='ocrx_word' id='word_1_174' title='bbox 750 1680 883 1730; x_wconf 87' lang='lat' dir='ltr'><strong>Listrium</strong></span> <span class='ocrx_word' id='word_1_175' title='bbox 906 1682 998 1730; x_wconf 89' lang='lat' dir='ltr'><strong>autem</strong></span> <span class='ocrx_word' id='word_1_176' title='bbox 1024 1696 1112 1746; x_wconf 89' lang='lat' dir='ltr'><strong>neque</strong></span> <span class='ocrx_word' id='word_1_177' title='bbox 1137 1681 1260 1731; x_wconf 87' lang='lat' dir='ltr'><strong>oriminis</strong></span> <span class='ocrx_word' id='word_1_178' title='bbox 1283 1698 1358 1732; x_wconf 88' lang='lat' dir='ltr'><strong>reum</strong></span> <span class='ocrx_word' id='word_1_179' title='bbox 1381 1683 1474 1733; x_wconf 80' lang='lat' dir='ltr'><strong>fecere</strong></span> 
     </span>
    </p>

    <p class='ocr_par' dir='ltr' id='par_1_4' title="bbox 157 1763 1475 2173">
     <span class='ocr_line' id='line_1_16' title="bbox 157 1763 1475 1834; baseline 0.002 -18"><span class='ocrx_word' id='word_1_180' title='bbox 157 1778 282 1834; x_wconf 68' lang='lat' dir='ltr'><strong>seneque</strong></span> <span class='ocrx_word' id='word_1_181' title='bbox 302 1766 445 1817; x_wconf 76' lang='lat' dir='ltr'><strong>obuolvere</strong></span> <span class='ocrx_word' id='word_1_182' title='bbox 463 1765 607 1832; x_wconf 83' lang='lat' dir='ltr'><strong>possimus.</strong></span> <span class='ocrx_word' id='word_1_183' title='bbox 643 1766 737 1830; x_wconf 87' lang='lat' dir='ltr'><strong>itoque</strong></span> <span class='ocrx_word' id='word_1_184' title='bbox 762 1763 836 1815; x_wconf 91' lang='lat' dir='ltr'><strong>illius</strong></span> <span class='ocrx_word' id='word_1_185' title='bbox 859 1764 963 1829; x_wconf 82' lang='lat' dir='ltr'><strong>libelli,</strong></span> <span class='ocrx_word' id='word_1_186' title='bbox 989 1780 1049 1815; x_wconf 91' lang='lat' dir='ltr'><strong>cum</strong></span> <span class='ocrx_word' id='word_1_187' title='bbox 1068 1766 1221 1831; x_wconf 81' lang='lat' dir='ltr'><strong>praesertim</strong></span> <span class='ocrx_word' id='word_1_188' title='bbox 1239 1781 1322 1833; x_wconf 84' lang='lat' dir='ltr'><strong>supra</strong></span> <span class='ocrx_word' id='word_1_189' title='bbox 1340 1768 1475 1819; x_wconf 89' lang='lat' dir='ltr'><strong>dictorum</strong></span> 
     </span>
     <span class='ocr_line' id='line_1_17' title="bbox 187 1837 1475 1920; baseline 0.001 -17"><span class='ocrx_word' id='word_1_190' title='bbox 187 1855 354 1920; x_wconf 84' lang='lat' dir='ltr'><strong>scriptorum</strong></span> <span class='ocrx_word' id='word_1_191' title='bbox 371 1853 417 1903; x_wconf 85' lang='lat' dir='ltr'><strong>vix</strong></span> <span class='ocrx_word' id='word_1_192' title='bbox 435 1867 518 1912; x_wconf 90' lang='lat' dir='ltr'><strong>unus,</strong></span> <span class='ocrx_word' id='word_1_193' title='bbox 538 1865 700 1916; x_wconf 82' lang='lat' dir='ltr'><strong>quemquam</strong></span> <span class='ocrx_word' id='word_1_194' title='bbox 718 1849 842 1916; x_wconf 81' lang='lat' dir='ltr'><strong>plerique</strong></span> <span class='ocrx_word' id='word_1_195' title='bbox 861 1851 919 1900; x_wconf 87' lang='lat' dir='ltr'><strong>sere</strong></span> <span class='ocrx_word' id='word_1_196' title='bbox 939 1866 1032 1900; x_wconf 88' lang='lat' dir='ltr'><strong>omnes</strong></span> <span class='ocrx_word' id='word_1_197' title='bbox 1051 1837 1112 1901; x_wconf 80' lang='lat' dir='ltr'><strong>edm</strong></span> <span class='ocrx_word' id='word_1_198' title='bbox 1128 1856 1289 1915; x_wconf 80' lang='lat' dir='ltr'><strong>memorent,</strong></span> <span class='ocrx_word' id='word_1_199' title='bbox 1310 1858 1357 1903; x_wconf 87' lang='lat' dir='ltr'><strong>aut</strong></span> <span class='ocrx_word' id='word_1_200' title='bbox 1374 1853 1475 1904; x_wconf 88' lang='lat' dir='ltr'><strong>viderit</strong></span> 
     </span>
     <span class='ocr_line' id='line_1_18' title="bbox 187 1933 1473 2003; baseline -0.002 -15"><span class='ocrx_word' id='word_1_201' title='bbox 187 1944 236 1988; x_wconf 78' lang='lat' dir='ltr'><strong>aut</strong></span> <span class='ocrx_word' id='word_1_202' title='bbox 255 1937 357 2003; x_wconf 77' lang='lat' dir='ltr'><strong>legerit</strong></span> <span class='ocrx_word' id='word_1_203' title='bbox 375 1939 447 2002; x_wconf 90' lang='lat' dir='ltr'><strong>ipse,</strong></span> <span class='ocrx_word' id='word_1_204' title='bbox 467 1936 503 1986; x_wconf 85' lang='lat' dir='ltr'><strong>od</strong></span> <span class='ocrx_word' id='word_1_205' title='bbox 521 1936 700 2000; x_wconf 80' lang='lat' dir='ltr'><strong>qnoestionem</strong></span> <span class='ocrx_word' id='word_1_206' title='bbox 718 1933 794 1984; x_wconf 83' lang='lat' dir='ltr'><strong>illam</strong></span> <span class='ocrx_word' id='word_1_207' title='bbox 812 1935 901 1985; x_wconf 90' lang='lat' dir='ltr'><strong>denuo</strong></span> <span class='ocrx_word' id='word_1_208' title='bbox 919 1935 964 1985; x_wconf 88' lang='lat' dir='ltr'><strong>hic</strong></span> <span class='ocrx_word' id='word_1_209' title='bbox 982 1940 1083 1985; x_wconf 79' lang='lat' dir='ltr'><strong>motum</strong></span> <span class='ocrx_word' id='word_1_210' title='bbox 1101 1936 1272 2001; x_wconf 77' lang='lat' dir='ltr'><strong>pertinentes</strong></span> <span class='ocrx_word' id='word_1_211' title='bbox 1289 1942 1383 2003; x_wconf 72' lang='lat' dir='ltr'><strong>partes</strong></span> <span class='ocrx_word' id='word_1_212' title='bbox 1402 1943 1473 1987; x_wconf 84' lang='lat' dir='ltr'><strong>tran·</strong></span> 
     </span>
     <span class='ocr_line' id='line_1_19' title="bbox 185 2020 1475 2088; baseline 0 -15"><span class='ocrx_word' id='word_1_213' title='bbox 185 2023 318 2074; x_wconf 81' lang='lat' dir='ltr'><strong>seribsm.</strong></span> <span class='ocrx_word' id='word_1_214' title='bbox 353 2022 439 2072; x_wconf 84' lang='lat' dir='ltr'><strong>habet</strong></span> <span class='ocrx_word' id='word_1_215' title='bbox 461 2026 554 2070; x_wconf 85' lang='lat' dir='ltr'><strong>autern</strong></span> <span class='ocrx_word' id='word_1_216' title='bbox 577 2020 736 2086; x_wconf 83' lang='lat' dir='ltr'><strong>primarium</strong></span> <span class='ocrx_word' id='word_1_217' title='bbox 760 2021 913 2087; x_wconf 84' lang='lat' dir='ltr'><strong>exemplum</strong></span> <span class='ocrx_word' id='word_1_218' title='bbox 936 2020 1011 2085; x_wconf 89' lang='lat' dir='ltr'><strong>(nam</strong></span> <span class='ocrx_word' id='word_1_219' title='bbox 1034 2020 1068 2070; x_wconf 91' lang='lat' dir='ltr'><strong>de</strong></span> <span class='ocrx_word' id='word_1_220' title='bbox 1091 2022 1302 2086; x_wconf 75' lang='lat' dir='ltr'><strong>repetitionibus</strong></span> <span class='ocrx_word' id='word_1_221' title='bbox 1321 2024 1475 2088; x_wconf 74' lang='lat' dir='ltr'><strong>furemque</strong></span> 
     </span>
     <span class='ocr_line' id='line_1_20' title="bbox 185 2103 776 2173; baseline -0.007 -14"><span class='ocrx_word' id='word_1_222' title='bbox 185 2106 410 2173; x_wconf 76' lang='lat' dir='ltr'><strong>infrequentibus</strong></span> <span class='ocrx_word' id='word_1_223' title='bbox 428 2121 500 2156; x_wconf 92' lang='lat' dir='ltr'><strong>nuuc</strong></span> <span class='ocrx_word' id='word_1_224' title='bbox 518 2104 611 2156; x_wconf 88' lang='lat' dir='ltr'><strong>dicere</strong></span> <span class='ocrx_word' id='word_1_225' title='bbox 629 2103 702 2170; x_wconf 90' lang='lat' dir='ltr'><strong>nolo)</strong></span> <span class='ocrx_word' id='word_1_226' title='bbox 720 2106 776 2156; x_wconf 82' lang='lat' dir='ltr'><strong>sic:</strong></span> 
     </span>
    </p>
   </div>
   <div class='ocr_carea' id='block_1_3' title="bbox 157 2228 1474 2397">
    <p class='ocr_par' dir='ltr' id='par_1_5' title="bbox 157 2228 1474 2397">
     <span class='ocr_line' id='line_1_21' title="bbox 157 2228 1474 2301; baseline -0.002 -11"><span class='ocrx_word' id='word_1_227' title='bbox 157 2249 220 2295; x_wconf 67' lang='lat' dir='ltr'><strong>‚selu</strong></span> <span class='ocrx_word' id='word_1_228' title='bbox 243 2247 389 2289; x_wconf 64' lang='lat' dir='ltr'><strong>demvm</strong></span> <span class='ocrx_word' id='word_1_229' title='bbox 411 2245 535 2288; x_wconf 70' lang='lat' dir='ltr'><strong>loturus</strong></span> <span class='ocrx_word' id='word_1_230' title='bbox 550 2228 556 2298; x_wconf 93' lang='grc' dir='ltr'>Ι</span> <span class='ocrx_word' id='word_1_231' title='bbox 570 2233 716 2298; x_wconf 86' lang='lat' dir='ltr'><strong>Murmellij</strong></span> <span class='ocrx_word' id='word_1_232' title='bbox 730 2232 939 2285; x_wconf 80' lang='lat' dir='ltr'><strong>Ruremundelis</strong></span> <span class='ocrx_word' id='word_1_233' title='bbox 956 2234 1068 2295; x_wconf 90' lang='lat' dir='ltr'><strong>obitum,</strong></span> <span class='ocrx_word' id='word_1_234' title='bbox 1085 2232 1257 2299; x_wconf 67' lang='lat' dir='ltr'><strong>{Hermsnni</strong></span> <span class='ocrx_word' id='word_1_235' title='bbox 1273 2235 1382 2301; x_wconf 90' lang='lat' dir='ltr'><strong>Buscbij</strong></span> <span class='ocrx_word' id='word_1_236' title='bbox 1401 2238 1474 2288; x_wconf 84' lang='lat' dir='ltr'><strong>Pati-</strong></span> 
     </span>
     <span class='ocr_line' id='line_1_22' title="bbox 186 2323 1473 2397; baseline 0 -17"><span class='ocrx_word' id='word_1_237' title='bbox 186 2329 258 2397; x_wconf 88' lang='lat' dir='ltr'><strong>pbili</strong></span> <span class='ocrx_word' id='word_1_238' title='bbox 273 2328 278 2392; x_wconf 96' lang='grc' dir='ltr'>Ι</span> <span class='ocrx_word' id='word_1_239' title='bbox 295 2328 409 2379; x_wconf 78' lang='lat' dir='ltr'><strong>funebre</strong></span> <span class='ocrx_word' id='word_1_240' title='bbox 427 2328 529 2388; x_wconf 91' lang='lat' dir='ltr'><strong>lessum,</strong></span> <span class='ocrx_word' id='word_1_241' title='bbox 550 2328 606 2377; x_wconf 89' lang='lat' dir='ltr'><strong>siue</strong></span> <span class='ocrx_word' id='word_1_242' title='bbox 623 2328 627 2383; x_wconf 97' lang='grc' dir='ltr'>Ι</span> <span class='ocrx_word' id='word_1_243' title='bbox 642 2326 825 2392; x_wconf 74' lang='grc' dir='ltr'><strong>Ερὶοεᾱὶ-Ιοη.</strong></span> <span class='ocrx_word' id='word_1_244' title='bbox 855 2326 997 2394; x_wconf 83' lang='lat' dir='ltr'><strong>{Secuntur</strong></span> <span class='ocrx_word' id='word_1_245' title='bbox 1006 2331 1116 2394; x_wconf 72' lang='lat' dir='ltr'><strong>seripula</strong></span> <span class='ocrx_word' id='word_1_246' title='bbox 1128 2329 1274 2380; x_wconf 73' lang='lat' dir='ltr'><strong>Brucbiana</strong></span> <span class='ocrx_word' id='word_1_247' title='bbox 1283 2337 1356 2393; x_wconf 82' lang='lat' dir='ltr'><strong>puto,</strong></span> <span class='ocrx_word' id='word_1_248' title='bbox 1375 2335 1419 2380; x_wconf 85' lang='lat' dir='ltr'><strong>ult.</strong></span> <span class='ocrx_word' id='word_1_249' title='bbox 1432 2323 1473 2394; x_wconf 83' lang='lat'><strong>3&#39;&#39;,</strong></span> 
     </span>
    </p>
   </div>
   <div class='ocr_carea' id='block_1_4' title="bbox 185 2398 1477 2515">
    <p class='ocr_par' dir='ltr' id='par_1_6' title="bbox 185 2398 1477 2515">
     <span class='ocr_line' id='line_1_23' title="bbox 185 2398 1477 2515; baseline -0.001 -25"><span class='ocrx_word' id='word_1_250' title='bbox 185 2440 237 2491; x_wconf 77' lang='lat' dir='ltr'><strong>let.</strong></span> <span class='ocrx_word' id='word_1_251' title='bbox 248 2431 345 2490; x_wconf 82' lang='lat' dir='ltr'><strong>2&#39;&#39;.rub</strong></span> <span class='ocrx_word' id='word_1_252' title='bbox 357 2439 443 2504; x_wconf 64' lang='lat' dir='ltr'><strong>quoru</strong></span> <span class='ocrx_word' id='word_1_253' title='bbox 454 2439 502 2488; x_wconf 80' lang='lat' dir='ltr'><strong>boo</strong></span> <span class='ocrx_word' id='word_1_254' title='bbox 512 2441 606 2503; x_wconf 74' lang='lat' dir='ltr'><strong>ripmcm</strong></span> <span class='ocrx_word' id='word_1_255' title='bbox 617 2398 673 2515; x_wconf 45' lang='lat' dir='ltr'><strong><em>A</em></strong></span> <span class='ocrx_word' id='word_1_256' title='bbox 697 2439 732 2488; x_wconf 84' lang='lat' dir='ltr'><strong>ad</strong></span> <span class='ocrx_word' id='word_1_257' title='bbox 742 2441 811 2489; x_wconf 80' lang='lat' dir='ltr'><strong>errius</strong></span> <span class='ocrx_word' id='word_1_258' title='bbox 823 2440 958 2489; x_wconf 78' lang='lat' dir='ltr'><strong>dexterum</strong></span> <span class='ocrx_word' id='word_1_259' title='bbox 970 2440 1019 2489; x_wconf 84' lang='lat' dir='ltr'><strong>duo</strong></span> <span class='ocrx_word' id='word_1_260' title='bbox 1032 2440 1146 2502; x_wconf 83' lang='lat' dir='ltr'><strong>crmieull,</strong></span> <span class='ocrx_word' id='word_1_261' title='bbox 1165 2440 1339 2489; x_wconf 72' lang='lat' dir='ltr'><strong>adstrictrum</strong></span> <span class='ocrx_word' id='word_1_262' title='bbox 1352 2457 1421 2496; x_wconf 65' lang='lat' dir='ltr'><strong>anre-s,</strong></span> <span class='ocrx_word' id='word_1_263' title='bbox 1441 2442 1477 2489; x_wconf 83' lang='lat' dir='ltr'><strong>ud</strong></span> 
     </span>
    </p>
   </div>
   <div class='ocr_carea' id='block_1_5' title="bbox 157 2547 1476 3132">
    <p class='ocr_par' dir='ltr' id='par_1_7' title="bbox 185 2547 1476 2703">
     <span class='ocr_line' id='line_1_24' title="bbox 187 2547 1476 2616; baseline -0.002 -16"><span class='ocrx_word' id='word_1_264' title='bbox 187 2551 318 2601; x_wconf 72' lang='lat' dir='ltr'><strong>nmero</strong></span> <span class='ocrx_word' id='word_1_265' title='bbox 334 2565 422 2599; x_wconf 73' lang='lat' dir='ltr'><strong>nomen</strong></span> <span class='ocrx_word' id='word_1_266' title='bbox 439 2549 562 2599; x_wconf 78' lang='lat' dir='ltr'><strong>adludere</strong></span> <span class='ocrx_word' id='word_1_267' title='bbox 579 2547 722 2616; x_wconf 66' lang='lat' dir='ltr'><strong>videnum]</strong></span> <span class='ocrx_word' id='word_1_268' title='bbox 756 2549 880 2599; x_wconf 79' lang='lat' dir='ltr'><strong>Avernum</strong></span> <span class='ocrx_word' id='word_1_269' title='bbox 894 2551 973 2615; x_wconf 66' lang='lat' dir='ltr'><strong>prim</strong></span> <span class='ocrx_word' id='word_1_270' title='bbox 985 2549 1045 2612; x_wconf 80' lang='lat' dir='ltr'><strong>solii</strong></span> <span class='ocrx_word' id='word_1_271' title='bbox 1057 2556 1159 2614; x_wconf 84' lang='lat' dir='ltr'><strong>portem</strong></span> <span class='ocrx_word' id='word_1_272' title='bbox 1176 2556 1284 2614; x_wconf 83' lang='lat' dir='ltr'><strong>occupat</strong></span> <span class='ocrx_word' id='word_1_273' title='bbox 1301 2551 1337 2599; x_wconf 84' lang='lat' dir='ltr'><strong>ud</strong></span> <span class='ocrx_word' id='word_1_274' title='bbox 1354 2550 1476 2614; x_wconf 78' lang='lat' dir='ltr'><strong>Lunpr&#39;um</strong></span> 
     </span>
     <span class='ocr_line' id='line_1_25' title="bbox 185 2634 1475 2703; baseline -0.002 -17"><span class='ocrx_word' id='word_1_275' title='bbox 185 2636 299 2701; x_wconf 74' lang='lat' dir='ltr'><strong>epistula</strong></span> <span class='ocrx_word' id='word_1_276' title='bbox 315 2650 376 2685; x_wconf 74' lang='lat' dir='ltr'><strong>mox</strong></span> <span class='ocrx_word' id='word_1_277' title='bbox 397 2635 550 2699; x_wconf 82' lang='lat' dir='ltr'><strong>repetenda,</strong></span> <span class='ocrx_word' id='word_1_278' title='bbox 574 2637 600 2685; x_wconf 84' lang='lat' dir='ltr'><strong>in</strong></span> <span class='ocrx_word' id='word_1_279' title='bbox 625 2634 819 2703; x_wconf 70' lang='lat' dir='ltr'><strong>trequentibus</strong></span> <span class='ocrx_word' id='word_1_280' title='bbox 838 2636 910 2698; x_wconf 78' lang='lat' dir='ltr'><strong>loliis</strong></span> <span class='ocrx_word' id='word_1_281' title='bbox 931 2635 1062 2701; x_wconf 70' lang='lat' dir='ltr'><strong>puellaque</strong></span> <span class='ocrx_word' id='word_1_282' title='bbox 1083 2642 1142 2700; x_wconf 83' lang='lat' dir='ltr'><strong>post</strong></span> <span class='ocrx_word' id='word_1_283' title='bbox 1165 2651 1197 2686; x_wconf 85' lang='lat' dir='ltr'><strong>ea</strong></span> <span class='ocrx_word' id='word_1_284' title='bbox 1217 2636 1313 2700; x_wconf 76' lang='lat' dir='ltr'><strong>popina</strong></span> <span class='ocrx_word' id='word_1_285' title='bbox 1335 2642 1373 2685; x_wconf 83' lang='lat' dir='ltr'><strong>est</strong></span> <span class='ocrx_word' id='word_1_286' title='bbox 1396 2638 1475 2700; x_wconf 81' lang='lat' dir='ltr'><strong>ipsum</strong></span> 
     </span>
    </p>

    <p class='ocr_par' dir='ltr' id='par_1_8' title="bbox 157 2718 1474 3132">
     <span class='ocr_line' id='line_1_26' title="bbox 157 2718 1474 2786; baseline 0 -15"><span class='ocrx_word' id='word_1_287' title='bbox 157 2720 288 2775; x_wconf 69' lang='lat' dir='ltr'><strong>uBueclrr&#39;</strong></span> <span class='ocrx_word' id='word_1_288' title='bbox 310 2718 453 2785; x_wconf 86' lang='lat' dir='ltr'><strong>epicedion</strong></span> <span class='ocrx_word' id='word_1_289' title='bbox 471 2722 522 2770; x_wconf 70' lang='lat' dir='ltr'><strong>tls</strong></span> <span class='ocrx_word' id='word_1_290' title='bbox 546 2737 672 2777; x_wconf 72' lang='lat' dir='ltr'><strong>uersuum:</strong></span> <span class='ocrx_word' id='word_1_291' title='bbox 695 2723 804 2786; x_wconf 77' lang='lat' dir='ltr'><strong>inferior</strong></span> <span class='ocrx_word' id='word_1_292' title='bbox 826 2722 935 2771; x_wconf 79' lang='lat' dir='ltr'><strong>eiusdem</strong></span> <span class='ocrx_word' id='word_1_293' title='bbox 955 2736 1016 2785; x_wconf 79' lang='lat' dir='ltr'><strong>pop.</strong></span> <span class='ocrx_word' id='word_1_294' title='bbox 1031 2737 1097 2785; x_wconf 82' lang='lat' dir='ltr'><strong>pers·</strong></span> <span class='ocrx_word' id='word_1_295' title='bbox 1123 2721 1198 2770; x_wconf 84' lang='lat' dir='ltr'><strong>babet</strong></span> <span class='ocrx_word' id='word_1_296' title='bbox 1214 2719 1364 2771; x_wconf 84' lang='lat' dir='ltr'><strong>Murmellii</strong></span> <span class='ocrx_word' id='word_1_297' title='bbox 1387 2721 1474 2786; x_wconf 83' lang='lat' dir='ltr'><strong>epitu-</strong></span> 
     </span>
     <span class='ocr_line' id='line_1_27' title="bbox 186 2805 1474 2873; baseline -0.001 -17"><span class='ocrx_word' id='word_1_298' title='bbox 186 2805 297 2872; x_wconf 78' lang='lat' dir='ltr'><strong>plrinm,</strong></span> <span class='ocrx_word' id='word_1_299' title='bbox 320 2819 369 2870; x_wconf 89' lang='lat' dir='ltr'><strong>per</strong></span> <span class='ocrx_word' id='word_1_300' title='bbox 387 2805 503 2854; x_wconf 86' lang='lat' dir='ltr'><strong>eundem</strong></span> <span class='ocrx_word' id='word_1_301' title='bbox 521 2805 556 2856; x_wconf 87' lang='lat' dir='ltr'><strong>H.</strong></span> <span class='ocrx_word' id='word_1_302' title='bbox 569 2807 602 2856; x_wconf 90' lang='lat' dir='ltr'><strong>B.</strong></span> <span class='ocrx_word' id='word_1_303' title='bbox 618 2807 651 2858; x_wconf 84' lang='lat' dir='ltr'><strong>ab</strong></span> <span class='ocrx_word' id='word_1_304' title='bbox 674 2810 731 2858; x_wconf 82' lang='lat' dir='ltr'><strong>aliie</strong></span> <span class='ocrx_word' id='word_1_305' title='bbox 749 2813 773 2856; x_wconf 84' lang='lat' dir='ltr'><strong>et</strong></span> <span class='ocrx_word' id='word_1_306' title='bbox 791 2806 945 2857; x_wconf 75' lang='lat' dir='ltr'><strong>Burobordo</strong></span> <span class='ocrx_word' id='word_1_307' title='bbox 968 2810 1044 2856; x_wconf 87' lang='lat' dir='ltr'><strong>etium</strong></span> <span class='ocrx_word' id='word_1_308' title='bbox 1061 2807 1257 2873; x_wconf 80' lang='lat' dir='ltr'><strong>Fopperraioque</strong></span> <span class='ocrx_word' id='word_1_309' title='bbox 1279 2808 1427 2872; x_wconf 84' lang='lat' dir='ltr'><strong>repetitum:</strong></span> <span class='ocrx_word' id='word_1_310' title='bbox 1449 2811 1474 2855; x_wconf 83' lang='lat' dir='ltr'><strong>r&#39;n</strong></span> 
     </span>
     <span class='ocr_line' id='line_1_28' title="bbox 185 2888 1473 2957; baseline -0.001 -16"><span class='ocrx_word' id='word_1_311' title='bbox 185 2906 280 2941; x_wconf 72' lang='lat' dir='ltr'><strong>mre</strong></span> <span class='ocrx_word' id='word_1_312' title='bbox 297 2892 369 2939; x_wconf 74' lang='lat' dir='ltr'><strong>reati</strong></span> <span class='ocrx_word' id='word_1_313' title='bbox 382 2888 441 2951; x_wconf 80' lang='lat' dir='ltr'><strong>solii</strong></span> <span class='ocrx_word' id='word_1_314' title='bbox 455 2906 515 2956; x_wconf 81' lang='lat' dir='ltr'><strong>pap.</strong></span> <span class='ocrx_word' id='word_1_315' title='bbox 531 2898 591 2956; x_wconf 82' lang='lat' dir='ltr'><strong>post</strong></span> <span class='ocrx_word' id='word_1_316' title='bbox 614 2894 777 2943; x_wconf 80' lang='lat' dir='ltr'><strong>decurttclwrr</strong></span> <span class='ocrx_word' id='word_1_317' title='bbox 794 2891 975 2957; x_wconf 75' lang='lat' dir='ltr'><strong>Epitaphium</strong></span> <span class='ocrx_word' id='word_1_318' title='bbox 997 2906 1045 2957; x_wconf 91' lang='lat' dir='ltr'><strong>pro</strong></span> <span class='ocrx_word' id='word_1_319' title='bbox 1064 2890 1166 2941; x_wconf 86' lang='lat' dir='ltr'><strong>Ioanne</strong></span> <span class='ocrx_word' id='word_1_320' title='bbox 1186 2888 1306 2941; x_wconf 84' lang='lat' dir='ltr'><strong>Cellario</strong></span> <span class='ocrx_word' id='word_1_321' title='bbox 1324 2891 1473 2941; x_wconf 85' lang='lat' dir='ltr'><strong>Ruremun-</strong></span> 
     </span>
     <span class='ocr_line' id='line_1_29' title="bbox 186 2965 1472 3043; baseline 0 -18"><span class='ocrx_word' id='word_1_322' title='bbox 186 2975 265 3026; x_wconf 85' lang='lat' dir='ltr'><strong>denti</strong></span> <span class='ocrx_word' id='word_1_323' title='bbox 287 2976 378 3040; x_wconf 69' lang='lat' dir='ltr'><strong>kprtur</strong></span> <span class='ocrx_word' id='word_1_324' title='bbox 397 2965 422 3024; x_wconf 66' lang='lat' dir='ltr'><strong>{l</strong></span> <span class='ocrx_word' id='word_1_325' title='bbox 441 2976 599 3041; x_wconf 88' lang='lat' dir='ltr'><strong>impressum</strong></span> <span class='ocrx_word' id='word_1_326' title='bbox 617 2976 742 3028; x_wconf 74' lang='lat' dir='ltr'><strong>Coloniae</strong></span> <span class='ocrx_word' id='word_1_327' title='bbox 765 2977 837 3043; x_wconf 81' lang='lat' dir='ltr'><strong>apud</strong></span> <span class='ocrx_word' id='word_1_328' title='bbox 854 2976 1022 3027; x_wconf 79' lang='lat' dir='ltr'><strong>Eucherium</strong></span> <span class='ocrx_word' id='word_1_329' title='bbox 1040 2971 1271 3042; x_wconf 59' lang='lat' dir='ltr'><strong>Cerni-{coruum</strong></span> <span class='ocrx_word' id='word_1_330' title='bbox 1296 2976 1373 3026; x_wconf 83' lang='lat' dir='ltr'><strong>Anno</strong></span> <span class='ocrx_word' id='word_1_331' title='bbox 1392 2978 1472 3042; x_wconf 85' lang='lat' dir='ltr'><strong>virgi·</strong></span> 
     </span>
     <span class='ocr_line' id='line_1_30' title="bbox 187 3058 975 3132; baseline 0 -22"><span class='ocrx_word' id='word_1_332' title='bbox 187 3061 235 3111; x_wconf 84' lang='lat' dir='ltr'><strong>uei</strong></span> <span class='ocrx_word' id='word_1_333' title='bbox 253 3066 349 3126; x_wconf 81' lang='lat' dir='ltr'><strong>partus</strong></span> <span class='ocrx_word' id='word_1_334' title='bbox 365 3058 370 3124; x_wconf 92' lang='grc' dir='ltr'>Ι</span> <span class='ocrx_word' id='word_1_335' title='bbox 384 3061 566 3112; x_wconf 68' lang='lat' dir='ltr'><strong>osum.</strong></span> <span class='ocrx_word' id='word_1_336' title='bbox 581 3062 620 3127; x_wconf 91' lang='lat' dir='ltr'><strong>iij.</strong></span> <span class='ocrx_word' id='word_1_337' title='bbox 640 3060 747 3132; x_wconf 75' lang='lat' dir='ltr'><strong>no-lnes</strong></span> <span class='ocrx_word' id='word_1_338' title='bbox 765 3058 975 3130; x_wconf 79' lang='lat' dir='ltr'><strong>Nouem-{breis</strong></span> 
     </span>
    </p>
   </div>
   <div class='ocr_carea' id='block_1_6' title="bbox 157 3169 1355 3330">
    <p class='ocr_par' dir='ltr' id='par_1_9' title="bbox 157 3169 1355 3330">
     <span class='ocr_line' id='line_1_31' title="bbox 157 3169 1355 3247; baseline 0.002 -19"><span class='ocrx_word' id='word_1_339' title='bbox 157 3196 178 3236; x_wconf 77' lang='lat' dir='ltr'><strong>sp</strong></span> <span class='ocrx_word' id='word_1_340' title='bbox 313 3169 337 3228; x_wconf 70' lang='lat' dir='ltr'><strong>(l</strong></span> <span class='ocrx_word' id='word_1_341' title='bbox 356 3179 529 3230; x_wconf 88' lang='lat' dir='ltr'><strong>Hermannus</strong></span> <span class='ocrx_word' id='word_1_342' title='bbox 547 3181 682 3232; x_wconf 88' lang='lat' dir='ltr'><strong>Buscbius</strong></span> <span class='ocrx_word' id='word_1_343' title='bbox 699 3181 870 3247; x_wconf 84' lang='lat' dir='ltr'><strong>Puliphilue,</strong></span> <span class='ocrx_word' id='word_1_344' title='bbox 887 3179 891 3245; x_wconf 87' lang='grc'>1</span> <span class='ocrx_word' id='word_1_345' title='bbox 906 3178 1050 3245; x_wconf 86' lang='lat' dir='ltr'><strong>Rodulpho</strong></span> <span class='ocrx_word' id='word_1_346' title='bbox 1067 3178 1175 3245; x_wconf 79' lang='lat' dir='ltr'><strong>Langiu</strong></span> <span class='ocrx_word' id='word_1_347' title='bbox 1194 3177 1355 3243; x_wconf 78' lang='lat' dir='ltr'><strong>Oenoniool</strong></span> 
     </span>
     <span class='ocr_line' id='line_1_32' title="bbox 675 3263 974 3330; baseline 0.003 -14"><span class='ocrx_word' id='word_1_348' title='bbox 675 3267 881 3317; x_wconf 80' lang='lat' dir='ltr'><strong>blonusteriensr</strong></span> <span class='ocrx_word' id='word_1_349' title='bbox 900 3263 974 3330; x_wconf 74' lang='lat' dir='ltr'><strong>suu!</strong></span> 
     </span>
    </p>
   </div>
   <div class='ocr_carea' id='block_1_7' title="bbox 157 3365 1529 4630">
    <p class='ocr_par' dir='ltr' id='par_1_10' title="bbox 157 3365 1529 4630">
     <span class='ocr_line' id='line_1_33' title="bbox 185 3365 1476 3432; baseline -0.002 -11"><span class='ocrx_word' id='word_1_350' title='bbox 185 3368 252 3421; x_wconf 79' lang='lat' dir='ltr'><strong>Seio</strong></span> <span class='ocrx_word' id='word_1_351' title='bbox 270 3382 288 3418; x_wconf 77' lang='lat' dir='ltr'><strong>a</strong></span> <span class='ocrx_word' id='word_1_352' title='bbox 305 3371 334 3419; x_wconf 88' lang='lat' dir='ltr'><strong>te</strong></span> <span class='ocrx_word' id='word_1_353' title='bbox 358 3371 515 3419; x_wconf 71' lang='lat' dir='ltr'><strong>constanter</strong></span> <span class='ocrx_word' id='word_1_354' title='bbox 533 3371 587 3420; x_wconf 91' lang='lat' dir='ltr'><strong>esse</strong></span> <span class='ocrx_word' id='word_1_355' title='bbox 606 3369 736 3420; x_wconf 76' lang='lat' dir='ltr'><strong>adamati</strong></span> <span class='ocrx_word' id='word_1_356' title='bbox 754 3370 858 3419; x_wconf 72' lang='lat' dir='ltr'><strong>Ioanni</strong></span> <span class='ocrx_word' id='word_1_357' title='bbox 875 3367 1069 3428; x_wconf 86' lang='lat' dir='ltr'><strong>Murmcllium‚</strong></span> <span class='ocrx_word' id='word_1_358' title='bbox 1093 3365 1247 3432; x_wconf 83' lang='lat' dir='ltr'><strong>habituqu</strong></span> <span class='ocrx_word' id='word_1_359' title='bbox 1270 3367 1300 3415; x_wconf 92' lang='lat' dir='ltr'><strong>in</strong></span> <span class='ocrx_word' id='word_1_360' title='bbox 1318 3366 1381 3417; x_wconf 81' lang='lat' dir='ltr'><strong>elbo</strong></span> <span class='ocrx_word' id='word_1_361' title='bbox 1399 3373 1476 3431; x_wconf 73' lang='lat' dir='ltr'><strong>tuos,</strong></span> 
     </span>
     <span class='ocr_line' id='line_1_34' title="bbox 185 3452 1475 3521; baseline -0.001 -17"><span class='ocrx_word' id='word_1_362' title='bbox 185 3469 255 3521; x_wconf 89' lang='lat' dir='ltr'><strong>quos</strong></span> <span class='ocrx_word' id='word_1_363' title='bbox 273 3454 413 3521; x_wconf 68' lang='lat' dir='ltr'><strong>praecipue</strong></span> <span class='ocrx_word' id='word_1_364' title='bbox 432 3453 531 3504; x_wconf 78' lang='lat' dir='ltr'><strong>duxisti</strong></span> <span class='ocrx_word' id='word_1_365' title='bbox 550 3454 661 3504; x_wconf 87' lang='lat' dir='ltr'><strong>anticos.</strong></span> <span class='ocrx_word' id='word_1_366' title='bbox 697 3455 784 3520; x_wconf 89' lang='lat' dir='ltr'><strong>quue</strong></span> <span class='ocrx_word' id='word_1_367' title='bbox 808 3469 869 3504; x_wconf 89' lang='lat' dir='ltr'><strong>cum</strong></span> <span class='ocrx_word' id='word_1_368' title='bbox 893 3457 1005 3518; x_wconf 91' lang='lat' dir='ltr'><strong>propter</strong></span> <span class='ocrx_word' id='word_1_369' title='bbox 1027 3467 1131 3511; x_wconf 88' lang='lat' dir='ltr'><strong>mores,</strong></span> <span class='ocrx_word' id='word_1_370' title='bbox 1155 3452 1202 3517; x_wconf 90' lang='lat' dir='ltr'><strong>qui</strong></span> <span class='ocrx_word' id='word_1_371' title='bbox 1226 3456 1305 3502; x_wconf 80' lang='lat' dir='ltr'><strong>eruut</strong></span> <span class='ocrx_word' id='word_1_372' title='bbox 1327 3453 1357 3502; x_wconf 92' lang='lat' dir='ltr'><strong>in</strong></span> <span class='ocrx_word' id='word_1_373' title='bbox 1375 3452 1422 3503; x_wconf 90' lang='lat' dir='ltr'><strong>illo</strong></span> <span class='ocrx_word' id='word_1_374' title='bbox 1441 3457 1475 3503; x_wconf 80' lang='lat' dir='ltr'><strong>nb</strong></span> 
     </span>
     <span class='ocr_line' id='line_1_35' title="bbox 184 3536 1475 3607; baseline -0.003 -16"><span class='ocrx_word' id='word_1_375' title='bbox 184 3538 376 3604; x_wconf 78' lang='lat' dir='ltr'><strong>incompositi,</strong></span> <span class='ocrx_word' id='word_1_376' title='bbox 395 3551 461 3603; x_wconf 62' lang='lat' dir='ltr'><strong>neq)</strong></span> <span class='ocrx_word' id='word_1_377' title='bbox 481 3540 619 3597; x_wconf 84' lang='lat' dir='ltr'><strong>insuaves,</strong></span> <span class='ocrx_word' id='word_1_378' title='bbox 642 3544 699 3589; x_wconf 91' lang='lat' dir='ltr'><strong>tum</strong></span> <span class='ocrx_word' id='word_1_379' title='bbox 717 3544 829 3607; x_wconf 89' lang='lat' dir='ltr'><strong>propter</strong></span> <span class='ocrx_word' id='word_1_380' title='bbox 847 3536 1025 3603; x_wconf 75' lang='lat' dir='ltr'><strong>infatigabile</strong></span> <span class='ocrx_word' id='word_1_381' title='bbox 1044 3536 1140 3591; x_wconf 78' lang='lat' dir='ltr'><strong>bonon</strong></span> <span class='ocrx_word' id='word_1_382' title='bbox 1155 3536 1253 3587; x_wconf 82' lang='lat' dir='ltr'><strong>artium</strong></span> <span class='ocrx_word' id='word_1_383' title='bbox 1272 3536 1397 3601; x_wconf 86' lang='lat' dir='ltr'><strong>studium,</strong></span> <span class='ocrx_word' id='word_1_384' title='bbox 1423 3556 1475 3605; x_wconf 87' lang='lat' dir='ltr'><strong>quo</strong></span> 
     </span>
     <span class='ocr_line' id='line_1_36' title="bbox 157 3621 1475 3690; baseline -0.002 -11"><span class='ocrx_word' id='word_1_385' title='bbox 157 3625 260 3684; x_wconf 58' lang='lat' dir='ltr'><strong>{sadec</strong></span> <span class='ocrx_word' id='word_1_386' title='bbox 278 3623 430 3690; x_wconf 71' lang='lat' dir='ltr'><strong>flagrabat,</strong></span> <span class='ocrx_word' id='word_1_387' title='bbox 450 3629 480 3674; x_wconf 85' lang='lat' dir='ltr'><strong>vt</strong></span> <span class='ocrx_word' id='word_1_388' title='bbox 498 3623 557 3674; x_wconf 84' lang='lat' dir='ltr'><strong>tere</strong></span> <span class='ocrx_word' id='word_1_389' title='bbox 575 3625 710 3674; x_wconf 85' lang='lat' dir='ltr'><strong>neminem</strong></span> <span class='ocrx_word' id='word_1_390' title='bbox 729 3623 774 3689; x_wconf 89' lang='lat' dir='ltr'><strong>(de</strong></span> <span class='ocrx_word' id='word_1_391' title='bbox 793 3640 845 3690; x_wconf 88' lang='lat' dir='ltr'><strong>quo</strong></span> <span class='ocrx_word' id='word_1_392' title='bbox 864 3624 957 3689; x_wconf 87' lang='lat' dir='ltr'><strong>aliqua</strong></span> <span class='ocrx_word' id='word_1_393' title='bbox 976 3621 1069 3673; x_wconf 84' lang='lat' dir='ltr'><strong>saltem</strong></span> <span class='ocrx_word' id='word_1_394' title='bbox 1087 3623 1216 3673; x_wconf 72' lang='lat' dir='ltr'><strong>haberet*</strong></span> <span class='ocrx_word' id='word_1_395' title='bbox 1234 3625 1399 3690; x_wconf 86' lang='lat' dir='ltr'><strong>eruditioris,</strong></span> <span class='ocrx_word' id='word_1_396' title='bbox 1420 3626 1475 3676; x_wconf 90' lang='lat' dir='ltr'><strong>elc-</strong></span> 
     </span>
     <span class='ocr_line' id='line_1_37' title="bbox 185 3708 1474 3777; baseline 0.003 -19"><span class='ocrx_word' id='word_1_397' title='bbox 185 3709 355 3777; x_wconf 63' lang='lat' dir='ltr'><strong>gnntiorisqp</strong></span> <span class='ocrx_word' id='word_1_398' title='bbox 372 3708 523 3760; x_wconf 78' lang='lat' dir='ltr'><strong>literaturae</strong></span> <span class='ocrx_word' id='word_1_399' title='bbox 543 3709 646 3774; x_wconf 90' lang='lat' dir='ltr'><strong>opinio)</strong></span> <span class='ocrx_word' id='word_1_400' title='bbox 665 3712 857 3776; x_wconf 77' lang='lat' dir='ltr'><strong>aspernaretur</strong></span> <span class='ocrx_word' id='word_1_401' title='bbox 874 3712 1081 3775; x_wconf 72' lang='lat' dir='ltr'><strong>praceptorum.</strong></span> <span class='ocrx_word' id='word_1_402' title='bbox 1116 3708 1157 3759; x_wconf 88' lang='lat' dir='ltr'><strong>Te</strong></span> <span class='ocrx_word' id='word_1_403' title='bbox 1175 3713 1247 3759; x_wconf 73' lang='lat' dir='ltr'><strong>tami</strong></span> <span class='ocrx_word' id='word_1_404' title='bbox 1264 3711 1399 3776; x_wconf 89' lang='lat' dir='ltr'><strong>imprimis</strong></span> <span class='ocrx_word' id='word_1_405' title='bbox 1416 3713 1474 3777; x_wconf 89' lang='lat' dir='ltr'><strong>ille,</strong></span> 
     </span>
     <span class='ocr_line' id='line_1_38' title="bbox 183 3792 1474 3861; baseline 0.002 -15"><span class='ocrx_word' id='word_1_406' title='bbox 183 3794 266 3846; x_wconf 77' lang='lat' dir='ltr'><strong>velut</strong></span> <span class='ocrx_word' id='word_1_407' title='bbox 283 3793 438 3859; x_wconf 88' lang='lat' dir='ltr'><strong>delphicum</strong></span> <span class='ocrx_word' id='word_1_408' title='bbox 458 3794 591 3859; x_wconf 85' lang='lat' dir='ltr'><strong>quoddam</strong></span> <span class='ocrx_word' id='word_1_409' title='bbox 612 3793 765 3857; x_wconf 79' lang='lat' dir='ltr'><strong>oraculum,</strong></span> <span class='ocrx_word' id='word_1_410' title='bbox 785 3792 1002 3844; x_wconf 87' lang='lat' dir='ltr'><strong>obseruabat</strong></span> <span class='ocrx_word' id='word_1_411' title='bbox 1021 3793 1126 3856; x_wconf 81' lang='lat' dir='ltr'><strong>Quanti</strong></span> <span class='ocrx_word' id='word_1_412' title='bbox 1144 3794 1230 3845; x_wconf 84' lang='lat' dir='ltr'><strong>etiem</strong></span> <span class='ocrx_word' id='word_1_413' title='bbox 1247 3810 1291 3845; x_wconf 89' lang='lat' dir='ltr'><strong>me</strong></span> <span class='ocrx_word' id='word_1_414' title='bbox 1310 3800 1381 3861; x_wconf 86' lang='lat' dir='ltr'><strong>semp</strong></span> <span class='ocrx_word' id='word_1_415' title='bbox 1400 3799 1474 3848; x_wconf 87' lang='lat' dir='ltr'><strong>sece-</strong></span> 
     </span>
     <span class='ocr_line' id='line_1_39' title="bbox 183 3877 1475 3946; baseline 0.003 -16"><span class='ocrx_word' id='word_1_416' title='bbox 183 3880 222 3930; x_wconf 87' lang='lat' dir='ltr'><strong>rit</strong></span> <span class='ocrx_word' id='word_1_417' title='bbox 240 3879 285 3929; x_wconf 80' lang='lat' dir='ltr'><strong>vir</strong></span> <span class='ocrx_word' id='word_1_418' title='bbox 302 3877 482 3930; x_wconf 68' lang='lat' dir='ltr'><strong>humanitatis</strong></span> <span class='ocrx_word' id='word_1_419' title='bbox 500 3879 709 3941; x_wconf 67' lang='lat' dir='ltr'><strong>candidissime,</strong></span> <span class='ocrx_word' id='word_1_420' title='bbox 735 3895 791 3944; x_wconf 82' lang='lat' dir='ltr'><strong>prae</strong></span> <span class='ocrx_word' id='word_1_421' title='bbox 814 3882 839 3929; x_wconf 94' lang='lat' dir='ltr'><strong>se</strong></span> <span class='ocrx_word' id='word_1_422' title='bbox 864 3879 956 3929; x_wconf 88' lang='lat' dir='ltr'><strong>serunt</strong></span> <span class='ocrx_word' id='word_1_423' title='bbox 974 3883 1038 3943; x_wconf 82' lang='lat' dir='ltr'><strong>apte</strong></span> <span class='ocrx_word' id='word_1_424' title='bbox 1058 3878 1146 3930; x_wconf 82' lang='lat' dir='ltr'><strong>adhue</strong></span> <span class='ocrx_word' id='word_1_425' title='bbox 1165 3879 1319 3946; x_wconf 87' lang='lat' dir='ltr'><strong>complures</strong></span> <span class='ocrx_word' id='word_1_426' title='bbox 1336 3883 1475 3934; x_wconf 77' lang='lat' dir='ltr'><strong>officiosis-</strong></span> 
     </span>
     <span class='ocr_line' id='line_1_40' title="bbox 183 3962 1474 4030; baseline 0.003 -16"><span class='ocrx_word' id='word_1_427' title='bbox 183 3965 261 4016; x_wconf 79' lang='lat' dir='ltr'><strong>simae</strong></span> <span class='ocrx_word' id='word_1_428' title='bbox 279 3962 355 4014; x_wconf 89' lang='lat' dir='ltr'><strong>illius</strong></span> <span class='ocrx_word' id='word_1_429' title='bbox 374 3964 479 4030; x_wconf 85' lang='lat' dir='ltr'><strong>scriptae</strong></span> <span class='ocrx_word' id='word_1_430' title='bbox 499 3964 595 4014; x_wconf 88' lang='lat' dir='ltr'><strong>adme</strong></span> <span class='ocrx_word' id='word_1_431' title='bbox 615 3962 743 4029; x_wconf 73' lang='lat' dir='ltr'><strong>epistolar.</strong></span> <span class='ocrx_word' id='word_1_432' title='bbox 764 3979 832 4029; x_wconf 89' lang='lat' dir='ltr'><strong>quas</strong></span> <span class='ocrx_word' id='word_1_433' title='bbox 850 3980 935 4030; x_wconf 87' lang='lat' dir='ltr'><strong>penos</strong></span> <span class='ocrx_word' id='word_1_434' title='bbox 954 3981 996 4016; x_wconf 90' lang='lat' dir='ltr'><strong>me</strong></span> <span class='ocrx_word' id='word_1_435' title='bbox 1014 3964 1137 4015; x_wconf 86' lang='lat' dir='ltr'><strong>custodio</strong></span> <span class='ocrx_word' id='word_1_436' title='bbox 1157 3966 1241 4017; x_wconf 87' lang='lat' dir='ltr'><strong>etium</strong></span> <span class='ocrx_word' id='word_1_437' title='bbox 1260 3982 1332 4017; x_wconf 92' lang='lat' dir='ltr'><strong>nunc</strong></span> <span class='ocrx_word' id='word_1_438' title='bbox 1352 3968 1474 4023; x_wconf 86' lang='lat' dir='ltr'><strong>sollicite.</strong></span> 
     </span>
     <span class='ocr_line' id='line_1_41' title="bbox 157 4048 1475 4116; baseline 0.002 -15"><span class='ocrx_word' id='word_1_439' title='bbox 157 4048 267 4106; x_wconf 77' lang='lat' dir='ltr'><strong>ovelut</strong></span> <span class='ocrx_word' id='word_1_440' title='bbox 283 4049 399 4115; x_wconf 76' lang='lat' dir='ltr'><strong>pignora</strong></span> <span class='ocrx_word' id='word_1_441' title='bbox 418 4049 543 4114; x_wconf 77' lang='lat' dir='ltr'><strong>quaedam</strong></span> <span class='ocrx_word' id='word_1_442' title='bbox 562 4049 616 4099; x_wconf 83' lang='lat' dir='ltr'><strong>line</strong></span> <span class='ocrx_word' id='word_1_443' title='bbox 635 4048 745 4099; x_wconf 81' lang='lat' dir='ltr'><strong>xeniola</strong></span> <span class='ocrx_word' id='word_1_444' title='bbox 764 4050 860 4112; x_wconf 89' lang='lat' dir='ltr'><strong>amici,</strong></span> <span class='ocrx_word' id='word_1_445' title='bbox 886 4063 1017 4116; x_wconf 72' lang='lat' dir='ltr'><strong>reuocoqj</strong></span> <span class='ocrx_word' id='word_1_446' title='bbox 1042 4050 1087 4101; x_wconf 89' lang='lat' dir='ltr'><strong>sub</strong></span> <span class='ocrx_word' id='word_1_447' title='bbox 1110 4048 1204 4101; x_wconf 89' lang='lat' dir='ltr'><strong>oculos</strong></span> <span class='ocrx_word' id='word_1_448' title='bbox 1223 4051 1389 4115; x_wconf 72' lang='lat' dir='ltr'><strong>(excitandae</strong></span> <span class='ocrx_word' id='word_1_449' title='bbox 1408 4054 1475 4103; x_wconf 83' lang='lat' dir='ltr'><strong>milri</strong></span> 
     </span>
     <span class='ocr_line' id='line_1_42' title="bbox 180 4134 1474 4202; baseline 0.002 -15"><span class='ocrx_word' id='word_1_450' title='bbox 180 4134 263 4187; x_wconf 82' lang='lat' dir='ltr'><strong>illies</strong></span> <span class='ocrx_word' id='word_1_451' title='bbox 279 4135 416 4187; x_wconf 78' lang='lat' dir='ltr'><strong>memorie</strong></span> <span class='ocrx_word' id='word_1_452' title='bbox 435 4134 527 4199; x_wconf 78' lang='lat' dir='ltr'><strong>cause)</strong></span> <span class='ocrx_word' id='word_1_453' title='bbox 548 4150 595 4185; x_wconf 85' lang='lat' dir='ltr'><strong>eas</strong></span> <span class='ocrx_word' id='word_1_454' title='bbox 613 4149 685 4200; x_wconf 90' lang='lat' dir='ltr'><strong>peno</strong></span> <span class='ocrx_word' id='word_1_455' title='bbox 704 4135 835 4200; x_wconf 88' lang='lat' dir='ltr'><strong>quotidie.</strong></span> <span class='ocrx_word' id='word_1_456' title='bbox 873 4136 940 4198; x_wconf 82' lang='lat' dir='ltr'><strong>Quse</strong></span> <span class='ocrx_word' id='word_1_457' title='bbox 959 4136 1128 4198; x_wconf 80' lang='lat' dir='ltr'><strong>humanitas,</strong></span> <span class='ocrx_word' id='word_1_458' title='bbox 1153 4136 1198 4202; x_wconf 92' lang='lat' dir='ltr'><strong>qui</strong></span> <span class='ocrx_word' id='word_1_459' title='bbox 1222 4137 1324 4188; x_wconf 85' lang='lat' dir='ltr'><strong>candor</strong></span> <span class='ocrx_word' id='word_1_460' title='bbox 1347 4137 1474 4200; x_wconf 87' lang='lat' dir='ltr'><strong>hominis,</strong></span> 
     </span>
     <span class='ocr_line' id='line_1_43' title="bbox 181 4211 1475 4289; baseline 0.001 -17"><span class='ocrx_word' id='word_1_461' title='bbox 181 4237 229 4273; x_wconf 78' lang='lat' dir='ltr'><strong>me</strong></span> <span class='ocrx_word' id='word_1_462' title='bbox 249 4224 328 4272; x_wconf 79' lang='lat' dir='ltr'><strong>corte</strong></span> <span class='ocrx_word' id='word_1_463' title='bbox 346 4219 478 4287; x_wconf 89' lang='lat' dir='ltr'><strong>compulit</strong></span> <span class='ocrx_word' id='word_1_464' title='bbox 495 4218 538 4270; x_wconf 89' lang='lat' dir='ltr'><strong>illi</strong></span> <span class='ocrx_word' id='word_1_465' title='bbox 556 4219 701 4282; x_wconf 82' lang='lat' dir='ltr'><strong>defuncto,</strong></span> <span class='ocrx_word' id='word_1_466' title='bbox 726 4218 894 4285; x_wconf 66' lang='lat' dir='ltr'><strong>qualecunq)</strong></span> <span class='ocrx_word' id='word_1_467' title='bbox 915 4219 968 4271; x_wconf 89' lang='lat' dir='ltr'><strong>hoe</strong></span> <span class='ocrx_word' id='word_1_468' title='bbox 993 4237 1094 4272; x_wconf 87' lang='lat' dir='ltr'><strong>cauere</strong></span> <span class='ocrx_word' id='word_1_469' title='bbox 1113 4211 1287 4287; x_wconf 74' lang='grc' dir='ltr'><strong><em>ἐπικήδειον.</em></strong></span> <span class='ocrx_word' id='word_1_470' title='bbox 1323 4223 1356 4272; x_wconf 90' lang='lat' dir='ltr'><strong>In</strong></span> <span class='ocrx_word' id='word_1_471' title='bbox 1373 4215 1390 4289; x_wconf 70' lang='lat' dir='ltr'><strong>q</strong></span> <span class='ocrx_word' id='word_1_472' title='bbox 1406 4223 1475 4274; x_wconf 91' lang='lat' dir='ltr'><strong>illud</strong></span> 
     </span>
     <span class='ocr_line' id='line_1_44' title="bbox 180 4304 1474 4374; baseline -0.001 -15"><span class='ocrx_word' id='word_1_473' title='bbox 180 4305 326 4374; x_wconf 69' lang='lat' dir='ltr'><strong>precipue</strong></span> <span class='ocrx_word' id='word_1_474' title='bbox 345 4305 487 4356; x_wconf 79' lang='lat' dir='ltr'><strong>miseratus</strong></span> <span class='ocrx_word' id='word_1_475' title='bbox 506 4308 569 4367; x_wconf 92' lang='lat' dir='ltr'><strong>sum,</strong></span> <span class='ocrx_word' id='word_1_476' title='bbox 590 4305 661 4370; x_wconf 93' lang='lat' dir='ltr'><strong>quod</strong></span> <span class='ocrx_word' id='word_1_477' title='bbox 679 4320 794 4366; x_wconf 84' lang='lat' dir='ltr'><strong>veneno,</strong></span> <span class='ocrx_word' id='word_1_478' title='bbox 814 4308 849 4357; x_wconf 77' lang='lat' dir='ltr'><strong>nd</strong></span> <span class='ocrx_word' id='word_1_479' title='bbox 868 4309 943 4371; x_wconf 88' lang='lat' dir='ltr'><strong>peste</strong></span> <span class='ocrx_word' id='word_1_480' title='bbox 961 4304 1087 4356; x_wconf 74' lang='lat' dir='ltr'><strong>dicebat*</strong></span> <span class='ocrx_word' id='word_1_481' title='bbox 1105 4312 1225 4356; x_wconf 86' lang='lat' dir='ltr'><strong>enectus.</strong></span> <span class='ocrx_word' id='word_1_482' title='bbox 1261 4306 1307 4356; x_wconf 81' lang='lat' dir='ltr'><strong>Sic</strong></span> <span class='ocrx_word' id='word_1_483' title='bbox 1325 4305 1348 4357; x_wconf 79' lang='lat' dir='ltr'><strong>dr</strong></span> <span class='ocrx_word' id='word_1_484' title='bbox 1366 4307 1474 4358; x_wconf 78' lang='lat' dir='ltr'><strong>medici</strong></span> 
     </span>
     <span class='ocr_line' id='line_1_45' title="bbox 179 4388 1474 4461; baseline 0.001 -19"><span class='ocrx_word' id='word_1_485' title='bbox 179 4392 271 4461; x_wconf 76' lang='lat' dir='ltr'><strong>ipt&#39;rns</strong></span> <span class='ocrx_word' id='word_1_486' title='bbox 298 4388 457 4453; x_wconf 71' lang='lat' dir='ltr'><strong>affirmasse,</strong></span> <span class='ocrx_word' id='word_1_487' title='bbox 486 4391 643 4441; x_wconf 79' lang='lat' dir='ltr'><strong>Dauentrie</strong></span> <span class='ocrx_word' id='word_1_488' title='bbox 669 4390 722 4440; x_wconf 88' lang='lat' dir='ltr'><strong>huc</strong></span> <span class='ocrx_word' id='word_1_489' title='bbox 748 4390 880 4455; x_wconf 83' lang='lat' dir='ltr'><strong>protecti,</strong></span> <span class='ocrx_word' id='word_1_490' title='bbox 909 4391 978 4440; x_wconf 88' lang='lat' dir='ltr'><strong>mihi</strong></span> <span class='ocrx_word' id='word_1_491' title='bbox 1004 4389 1136 4453; x_wconf 88' lang='lat' dir='ltr'><strong>retulero,</strong></span> <span class='ocrx_word' id='word_1_492' title='bbox 1167 4392 1213 4456; x_wconf 93' lang='lat' dir='ltr'><strong>qui</strong></span> <span class='ocrx_word' id='word_1_493' title='bbox 1240 4391 1340 4442; x_wconf 88' lang='lat' dir='ltr'><strong>dicitur</strong></span> <span class='ocrx_word' id='word_1_494' title='bbox 1366 4395 1474 4444; x_wconf 85' lang='lat' dir='ltr'><strong>seruare</strong></span> 
     </span>
     <span class='ocr_line' id='line_1_46' title="bbox 157 4474 1529 4546; baseline -0.001 -17"><span class='ocrx_word' id='word_1_495' title='bbox 157 4479 338 4533; x_wconf 76' lang='lat' dir='ltr'><strong>setismnum</strong></span> <span class='ocrx_word' id='word_1_496' title='bbox 356 4475 417 4526; x_wconf 86' lang='lat' dir='ltr'><strong>eius</strong></span> <span class='ocrx_word' id='word_1_497' title='bbox 434 4475 555 4531; x_wconf 80' lang='lat' dir='ltr'><strong>urinam.</strong></span> <span class='ocrx_word' id='word_1_498' title='bbox 580 4474 615 4525; x_wconf 85' lang='lat' dir='ltr'><strong>sd</strong></span> <span class='ocrx_word' id='word_1_499' title='bbox 634 4474 780 4541; x_wconf 72' lang='lat' dir='ltr'><strong>argucdum</strong></span> <span class='ocrx_word' id='word_1_500' title='bbox 804 4475 980 4535; x_wconf 83' lang='lat' dir='ltr'><strong>veneficium,</strong></span> <span class='ocrx_word' id='word_1_501' title='bbox 1004 4479 1141 4539; x_wconf 76' lang='lat' dir='ltr'><strong>praeterea</strong></span> <span class='ocrx_word' id='word_1_502' title='bbox 1159 4474 1240 4540; x_wconf 84' lang='lat' dir='ltr'><strong>(quod</strong></span> <span class='ocrx_word' id='word_1_503' title='bbox 1258 4493 1310 4525; x_wconf 88' lang='lat' dir='ltr'><strong>nco</strong></span> <span class='ocrx_word' id='word_1_504' title='bbox 1329 4482 1474 4541; x_wconf 67' lang='lat' dir='ltr'><strong>aegrotasse</strong></span> <span class='ocrx_word' id='word_1_505' title='bbox 1527 4541 1529 4546; x_wconf 11' lang='grc' dir='ltr'>Ἰ</span> 
     </span>
     <span class='ocr_line' id='line_1_47' title="bbox 178 4557 1473 4630; baseline 0.002 -21"><span class='ocrx_word' id='word_1_506' title='bbox 178 4564 287 4630; x_wconf 77' lang='lat' dir='ltr'><strong>ipsium,</strong></span> <span class='ocrx_word' id='word_1_507' title='bbox 310 4575 361 4610; x_wconf 91' lang='lat' dir='ltr'><strong>nec</strong></span> <span class='ocrx_word' id='word_1_508' title='bbox 384 4559 480 4625; x_wconf 84' lang='lat' dir='ltr'><strong>ubijsse</strong></span> <span class='ocrx_word' id='word_1_509' title='bbox 504 4559 588 4609; x_wconf 91' lang='lat' dir='ltr'><strong>etiam</strong></span> <span class='ocrx_word' id='word_1_510' title='bbox 609 4559 767 4625; x_wconf 84' lang='lat' dir='ltr'><strong>pestilentia</strong></span> <span class='ocrx_word' id='word_1_511' title='bbox 790 4559 947 4623; x_wconf 72' lang='lat' dir='ltr'><strong>confideret)</strong></span> <span class='ocrx_word' id='word_1_512' title='bbox 970 4564 1148 4625; x_wconf 73' lang='lat' dir='ltr'><strong>preceptores</strong></span> <span class='ocrx_word' id='word_1_513' title='bbox 1166 4557 1237 4623; x_wconf 84' lang='lat' dir='ltr'><strong>ipos,</strong></span> <span class='ocrx_word' id='word_1_514' title='bbox 1262 4561 1306 4626; x_wconf 89' lang='lat' dir='ltr'><strong>qui</strong></span> <span class='ocrx_word' id='word_1_515' title='bbox 1330 4562 1357 4611; x_wconf 89' lang='lat' dir='ltr'><strong>iu</strong></span> <span class='ocrx_word' id='word_1_516' title='bbox 1378 4580 1409 4612; x_wconf 91' lang='lat' dir='ltr'><strong>co</strong></span> <span class='ocrx_word' id='word_1_517' title='bbox 1428 4579 1473 4628; x_wconf 90' lang='lat' dir='ltr'><strong>op·</strong></span> 
     </span>
    </p>
   </div>
   <div class='ocr_carea' id='block_1_8' title="bbox 193 4755 1284 4856">
    <p class='ocr_par' dir='ltr' id='par_1_11' title="bbox 193 4755 1284 4856">
     <span class='ocr_line' id='line_1_48' title="bbox 193 4755 1284 4856; baseline 0 -41"><span class='ocrx_word' id='word_1_518' title='bbox 193 4838 204 4856; x_wconf 52' lang='grc'><strong>.</strong></span> <span class='ocrx_word' id='word_1_519' title='bbox 251 4763 276 4799; x_wconf 79' lang='lat'><strong>³⁸</strong></span> <span class='ocrx_word' id='word_1_520' title='bbox 294 4767 484 4831; x_wconf 72' lang='lat' dir='ltr'><strong>aspernentur</strong></span> <span class='ocrx_word' id='word_1_521' title='bbox 502 4766 526 4815; x_wconf 88' lang='lat' dir='ltr'><strong>s.</strong></span> <span class='ocrx_word' id='word_1_522' title='bbox 576 4761 599 4797; x_wconf 79' lang='lat'><strong>⁴²</strong></span> <span class='ocrx_word' id='word_1_523' title='bbox 617 4755 769 4831; x_wconf 73' lang='grc' dir='ltr'><strong><em>ἕπικήδιον</em></strong></span> <span class='ocrx_word' id='word_1_524' title='bbox 786 4766 810 4818; x_wconf 88' lang='lat' dir='ltr'><strong>s.</strong></span> <span class='ocrx_word' id='word_1_525' title='bbox 862 4761 884 4796; x_wconf 75' lang='lat'><strong>⁴⁸</strong></span> <span class='ocrx_word' id='word_1_526' title='bbox 903 4768 1015 4813; x_wconf 87' lang='lat' dir='ltr'><strong>euectus</strong></span> <span class='ocrx_word' id='word_1_527' title='bbox 1034 4766 1058 4813; x_wconf 87' lang='lat'><strong>1.</strong></span> <span class='ocrx_word' id='word_1_528' title='bbox 1082 4765 1140 4813; x_wconf 84' lang='lat' dir='ltr'><strong>Vult</strong></span> <span class='ocrx_word' id='word_1_529' title='bbox 1158 4769 1284 4815; x_wconf 82' lang='lat' dir='ltr'><strong>necatus.</strong></span> 
     </span>
    </p>
   </div>
   <div class='ocr_carea' id='block_1_9' title="bbox 0 0 1652 5408">
    <p class='ocr_par' dir='ltr' id='par_1_12' title="bbox 0 0 1652 5408">
     <span class='ocr_line' id='line_1_49' title="bbox 0 0 1652 5408; baseline 0 0"><span class='ocrx_word' id='word_1_530' title='bbox 0 0 1652 5408; x_wconf 95' lang='lat' dir='ltr'><strong> </strong></span> 
     </span>
    </p>
   </div>
  </div>
 </body>
</html>
