3294 5408
107 425 346 462 testamentoria
357 426 464 461 cumam
475 425 577 461 cvstttt
588 425 988 464 oanxvsrmrattottdxnmrm
999 426 1290 464 sacuvnmattcrott.
1328 399 1402 471 465

109 586 153 659 qui
177 585 266 642 bonos
289 602 382 641 omues
405 603 438 641 ex
460 585 572 642 ariverso
595 585 728 660 appellat,
759 593 896 642 nostrates
919 586 975 642 sive
997 602 1059 644 vera
1091 585 1148 642 sive
1171 586 1238 644 laisa
1261 587 1403 645 simultate

109 671 260 733 insimulet,
294 671 370 726 vultu
393 671 475 726 livido
498 679 525 726 et
548 680 673 744 caperata
695 688 775 733 nare,
809 671 989 744 supercilioso
1012 680 1040 728 et
1062 669 1175 745 obliquo
1197 671 1321 737 obtuitu,
1355 690 1403 730 ere

108 755 226 812 distorto
249 773 343 812 omnes
373 755 538 818 inclamarit,
571 755 661 812 nullos
684 773 740 813 non
762 755 866 811 bullato
890 755 1003 812 fulmine
1027 764 1130 812 terrere
1157 758 1315 820 tentaverit,
1345 759 1401 821 lrui,

109 849 222 903 terram,
244 839 342 897 ceolum
364 849 392 897 et
415 841 497 897 maria
521 842 650 902 miscens,
674 840 827 896 sobaiiena
844 840 1045 897 iurisdictione
1068 842 1093 896 in
1111 842 1222 915 quosvis
1237 844 1401 899 sententiam

88 925 215 982 ominans
237 927 330 998 potins
353 944 433 1000 quarn
456 927 608 1000 proterens.
632 927 731 987 lescba,
754 927 914 982 monachum
937 925 1113 999 pedicatoriae
1136 926 1272 989 factionis,
1295 928 1328 983 ad
1350 937 1472 1002 pot-tt.

108 1009 202 1085 pulurn
218 1010 318 1072 eduxit,
335 1012 380 1085 qni
398 1012 544 1067 itomanam
560 1011 729 1085 tyrannidem
746 1012 808 1067 iaco
824 1011 967 1085 religionis
982 1009 1055 1085 plebi
1071 1011 1281 1067 commendaret.
1300 1013 1322 1067 is
1338 1030 1404 1086 sug·

108 1104 216 1168 gestum
244 1113 410 1152 ascensurus
433 1098 524 1153 nescio
548 1096 611 1170 quid
635 1097 725 1168 anagni
748 1113 839 1153 secum
863 1098 1005 1152 cornicaris
1028 1112 1138 1152 sacrum
1160 1095 1243 1152 limen
1267 1098 1317 1152 iarn
1340 1114 1401 1154 cum

110 1180 313 1252 ingrederetur,
343 1182 443 1237 invenit
466 1181 602 1237 cathedrae
627 1183 727 1238 ostium
752 1181 884 1256 repagulo
915 1179 1069 1243 occlusum,
1099 1180 1209 1255 publiea
1237 1181 1403 1238 adstantium

110 1267 188 1321 ianua
218 1265 246 1321 in
277 1265 395 1322 ferreum
425 1267 538 1323 chorum
562 1267 711 1330 concessit,
741 1275 823 1340 atque
852 1266 888 1322 ibi
919 1266 1026 1339 quidem
1055 1282 1123 1340 pene
1152 1267 1297 1339 exanguis,
1329 1275 1405 1323 totus

76 1358 99 1397 ¹⁰
110 1349 242 1424 pallidus,
266 1359 374 1407 mortuo
398 1369 477 1425 spatam
494 1352 552 1406 vivo
568 1352 689 1414 vicinior,
706 1353 782 1408 altari
799 1351 929 1408 subnixus
945 1368 1030 1424 patrea
1045 1351 1071 1406 in
1087 1349 1251 1414 Lutberum,
1275 1350 1405 1426 pleraque

109 1435 160 1491 deo
183 1436 317 1491 sermonis
340 1435 450 1492 aculeos
473 1445 594 1493 mutante
622 1437 649 1491 in
678 1455 734 1493 suae
765 1437 858 1492 tarinae
882 1435 1043 1492 fraterculos
1071 1434 1245 1499 ‹tectamavtt;
1274 1438 1401 1509 pedorem

110 1521 224 1576 fratrum
248 1538 360 1577 suorum
384 1523 497 1579 sentinae
519 1539 692 1578 commovens
714 1525 856 1596 antiquum
886 1521 983 1578 vulnus
1013 1522 1145 1577 reiricuit.
1181 1515 1281 1600 adelrat
1303 1521 1402 1578 ibidem
1414 1529 1475 1579 tta.

111 1614 168 1661 turn
197 1623 305 1679 quoque
334 1623 414 1680 quern
443 1608 566 1664 hnmanae
592 1609 688 1663 hostire
719 1617 747 1664 et
776 1606 903 1663 analeticis
931 1604 1101 1664 immolandis
1129 1605 1257 1662 adbibere
1285 1606 1405 1663 solemus

111 1690 249 1746 lictorem:
273 1692 316 1747 iric
332 1708 441 1765 operam
465 1710 542 1749 suain
557 1693 765 1749 llotnanensium
789 1693 888 1748 lucello
913 1709 976 1747 reos
992 1709 1062 1765 qnos
1078 1691 1190 1747 mallent
1206 1699 1252 1748 aut
1268 1692 1404 1748 notandos

79 1783 159 1831 taaut
188 1775 325 1831 feriendos
348 1776 498 1839 locaverat,
527 1796 542 1833 a
571 1795 625 1851 quo
655 1779 702 1851 qui
725 1780 918 1850 grammaticus
942 1776 1029 1833 iactus
1058 1778 1116 1832 suis
1143 1776 1278 1850 insignior
1304 1776 1405 1832 rediret

110 1860 208 1933 «lignus
231 1869 305 1916 esset
326 1861 474 1917 Aleander:
498 1862 542 1918 ille
566 1863 609 1918 ubi
626 1865 652 1918 in
677 1863 847 1920 innocentem
871 1862 1019 1918 Lutlrerunr
1043 1870 1129 1917 artem
1153 1879 1228 1918 suam
1252 1860 1345 1918 ludere
1367 1860 1405 1916 vi·

110 1946 187 2001 deret
202 1963 232 2001 se
248 1944 363 2018 impelli,
394 1947 522 2003 iocinoris
537 1948 675 2021 impietate
698 1957 836 2021 comperta
860 1947 918 2003 viro
942 1955 994 2002 tam
1017 1946 1079 2021 pio,
1104 1954 1156 2001 tarn
1180 1955 1275 2003 sancto
1297 1954 1326 2002 et
1348 1961 1406 2003 om·

111 2032 184 2086 nium
212 2029 348 2087 bonorum
375 2031 486 2088 calculis
514 2033 602 2106 probo
631 2035 805 2103 ignominiam
835 2032 923 2088 iacere
952 2040 1053 2087 temere
1081 2030 1170 2087 noluit
1193 2031 1292 2088 indicta
1314 2048 1405 2094 eausa,

110 2123 192 2189 atquc
218 2115 368 2172 inauditum
391 2133 440 2190 per
462 2133 491 2172 se
514 2116 599 2173 ullam
622 2117 800 2173 damnandum
823 2134 883 2173 esse
904 2115 1030 2189 negabat.
1059 2115 1108 2172 llic
1122 2123 1165 2172 est
1186 2116 1246 2179 ilis,
1268 2115 1407 2173 seelestls·

77 2202 181 2256 tosime
208 2199 354 2263 Alcander,
384 2204 430 2275 qui
461 2202 542 2257 titulo
566 2211 645 2257 tenus
667 2203 804 2276 pessimus
832 2201 960 2267 habetur,
991 2203 1096 2257 honore
1118 2200 1244 2258 omnibus
1266 2200 1405 2264 altiectior,

110 2284 193 2341 verbo
215 2294 304 2342 autem
327 2294 354 2342 et
376 2285 498 2361 exerrrpio
522 2286 569 2343 tibi
593 2288 687 2361 tuique
709 2287 839 2344 similium
861 2286 942 2359 longe
964 2286 1061 2342 melior
1075 2294 1104 2341 et
1118 2294 1175 2343 tota
1189 2286 1405 2344 Romanistarnm

111 2368 226 2426 colluvie
249 2371 403 2433 honestior;
427 2372 484 2433 bie,
508 2373 580 2427 inter
595 2372 743 2429 Gernranos
758 2371 826 2428 nulli
848 2389 903 2429 non
919 2373 1073 2446 posterior,
1096 2372 1158 2446 plus
1173 2374 1309 2446 aequitatis
1326 2387 1406 2445 quant

112 2463 167 2511 tota
184 2454 310 2511 Romanae
327 2455 431 2512 iniuriae
447 2457 590 2513 virulentia
607 2457 745 2530 possedit:
769 2457 815 2513 ille
838 2459 880 2512 sui
903 2457 973 2513 lucri
990 2459 1120 2513 iacturam
1136 2475 1216 2532 qnam
1233 2460 1404 2513 innocentem

110 2539 233 2596 mercede
255 2539 383 2597 damnare
404 2545 522 2615 appetit.
548 2543 603 2598 hacc
619 2558 713 2597 omnes
728 2559 789 2599 enm
804 2543 954 2598 Christiana
970 2544 1071 2616 pietate
1088 2543 1174 2604 viros,
1198 2542 1272 2616 ipsas
1294 2555 1405 2615 quoque

75 2633 101 2673 tt
111 2625 214 2680 animas
242 2625 356 2699 perdere
386 2643 466 2700 quarn
495 2645 552 2683 suae
575 2630 696 2685 avariciae
719 2631 863 2701 quiequam
892 2627 1022 2683 decedere
1049 2625 1150 2682 maliet.
1188 2626 1281 2688 Vides,
1315 2625 1473 2686 iudaeam.

110 2708 251 2771 nicander,
275 2710 386 2773 videtis,
409 2712 592 2767 llomanerrses
608 2713 675 2775 itali,
699 2720 726 2766 et
750 2721 779 2767 tu
800 2711 908 2767 demum
925 2712 1013 2767 omnis
1035 2706 1182 2784 impietatis
1197 2718 1327 2772 assertor,
1350 2710 1405 2765 leo

111 2793 225 2856 decimo,
256 2812 337 2869 quarn
365 2812 396 2850 ex
425 2811 505 2869 aeqno
534 2796 729 2852 Germanorum
759 2796 1022 2868 bonianensiumque
1045 2809 1137 2851 mores
1159 2794 1323 2851 dissideant?
1354 2811 1405 2849 nos

110 2877 261 2940 Christum,
285 2897 333 2935 vos
356 2880 502 2953 ctu-psum,
527 2897 576 2935 nos
599 2880 736 2954 publicum
753 2879 939 2942 seminudum,
963 2896 1011 2934 vos
1026 2879 1160 2953 privatum
1181 2879 1274 2936 lurnrn
1297 2878 1403 2940 colitis:

110 2980 158 3019 vos
180 2972 296 3020 vestram
319 2966 473 3026 avariciam,
496 2982 550 3038 qua
572 2964 639 3021 nibil
662 2981 716 3020 non
741 2965 768 3020 in
784 2964 934 3021 Christiana
951 2963 1083 3037 reiigione
1098 2965 1296 3024 contaminatis.
1319 2971 1346 3019 et
1361 2979 1406 3019 ex-

76 3057 102 3098 to
113 3055 224 3105 tremam
248 3049 475 3123 inquinatissima
498 3052 559 3108 ritae
582 3049 735 3118 libidinem,
765 3057 887 3106 nostram
916 3066 966 3105 nos
989 3051 1170 3106 innocentiam
1197 3057 1225 3105 et
1252 3049 1405 3104 libertatern

109 3141 218 3190 tuentes
241 3152 291 3209 pro
315 3136 373 3190 suis
397 3137 512 3208 quisque
534 3134 613 3191 bonis
636 3135 743 3191 Christo
766 3135 890 3192 adiutore
913 3135 1033 3191 animose
1048 3134 1240 3209 pugnabimus.
1263 3142 1306 3189 est
1320 3133 1406 3191 adhuc

110 3218 168 3280 illa,
193 3237 254 3292 qua
278 3227 340 3275 ante
363 3219 436 3275 mille
460 3238 545 3276 atrnos
563 3221 627 3282 init,
651 3222 791 3276 servitutis
807 3221 897 3276 nescia
913 3219 1069 3283 Germania,
1094 3223 1145 3276 etsi
1162 3229 1273 3276 tironum
1289 3218 1404 3274 mollitie

109 3303 234 3360 nonnihil
258 3306 353 3360 virium
376 3304 454 3361 nobis
477 3305 595 3362 ablatum
620 3308 663 3361 sit.
687 3304 770 3372 (liram
788 3304 953 3362 conduceret
967 3303 1072 3360 nullum
1087 3321 1120 3360 er
1136 3303 1277 3360 Germanis
1292 3304 1403 3361 itomam

110 3404 229 3461 unquam
251 3389 380 3445 adivisse!
403 3389 481 3446 dulce
505 3391 612 3464 quidem
636 3390 817 3446 etloeminandi
841 3389 1004 3447 nostratium
1032 3391 1135 3446 animos
1158 3391 1232 3446 virus
1254 3390 1312 3447 hacc
1334 3386 1406 3463 puti-

74 3469 174 3545 ³⁵lago
197 3472 258 3536 alit;
282 3490 331 3530 nec
353 3483 431 3530 retus
455 3475 500 3531 ilie
523 3478 656 3532 maiorum
679 3475 758 3549 vigor
780 3477 807 3531 in
829 3483 888 3531 toto
904 3475 1040 3548 elanguit,
1064 3475 1113 3549 qu'r
1127 3484 1237 3531 tuorum
1252 3476 1404 3548 impostura

109 3565 252 3614 enervatus
274 3567 330 3614 est:
353 3559 460 3616 Christo
484 3563 629 3617 miserante
652 3560 822 3618 solidabitur.
847 3560 963 3617 Oducias
983 3552 989 3639 Ι
1007 3559 1094 3616 multo
1109 3562 1161 3617 iam
1179 3567 1301 3634 tempore
1315 3557 1472 3619 oculisne.

110 3762 138 3806 et
155 3757 273 3809 hominis
291 3758 429 3824 dignitate
448 3758 562 3809 fiebant.
599 3759 696 3810 Lictor
718 3774 839 3825 quoqne,
864 3760 911 3826 qni
929 3760 1097 3810 Remanensi
1115 3757 1238 3821 Lucilio,
1258 3757 1405 3808 exurendis

108 3846 165 3892 tam
189 3843 276 3893 divini
294 3843 410 3893 Lntheri
432 3844 617 3894 monumentis
640 3860 753 3909 operam
776 3843 933 3906 locaverat,
957 3844 1091 3895 facinoris
1110 3870 1141 3880 -
1159 3869 1193 3879 -
1211 3848 1309 3894 saneto
1327 3842 1405 3909 igno·

109 3927 222 3977 miniam
242 3928 344 3978 inferre
363 3927 463 3989 noluit,
490 3942 653 3994 quemquam
677 3929 783 3979 indicto
806 3944 907 3979 caussa
932 3933 959 3979 ct
983 3934 1038 3977 tam
1064 3929 1196 3978 atrociter
1219 3928 1404 3979 damnandum

76 4024 101 4063 to
111 4012 242 4077 negabat.
261 4014 357 4063 Nonne
377 4015 400 4063 ia
415 4014 611 4063 Germanorum
629 4014 748 4062 omniurn
767 4018 920 4078 postremus
938 4012 998 4078 plus
1012 4012 1127 4062 iustitiae
1140 4013 1309 4078 pietatisque
1323 4028 1405 4077 quam

109 4100 168 4146 tota
186 4098 318 4148 Romanae
336 4099 461 4160 iniuriae,
486 4097 626 4149 virulenta
649 4099 773 4163 possedit
796 4098 927 4148 ambitio?
951 4096 1000 4147 Ille
1020 4096 1090 4146 lucri
1109 4098 1151 4146 sui
1169 4099 1305 4148 iacturam
1324 4099 1403 4147 inno·

109 4186 216 4230 centem
236 4182 367 4232 ‹lamnare
387 4185 476 4247 magis
494 4183 578 4246 petit:
605 4183 662 4232 hac
682 4197 775 4232 ornnes
795 4198 854 4231 curn
873 4183 976 4232 virtuto
996 4182 1078 4243 viros,
1100 4196 1180 4246 quarn
1199 4197 1256 4232 snae
1275 4182 1403 4231 avaritiae

109 4264 213 4329 aliquid
233 4266 368 4316 decedere
386 4293 420 4301 —
440 4294 470 4301 -
488 4266 567 4330 itali,
594 4283 675 4332 quam
694 4283 727 4317 ex
747 4294 777 4302 —
796 4293 828 4302 -
847 4267 1022 4317 dissideant?
1046 4281 1095 4315 vos
1113 4272 1235 4317 vestram
1254 4267 1403 4317 avaritiam

108 4355 136 4398 et
153 4350 258 4413 luxum,
278 4356 400 4401 nostram
420 4379 450 4386 —
462 4379 500 4397 .-
521 4356 646 4414 tuentes,
666 4352 775 4415 utrique
794 4368 843 4418 pro
862 4352 919 4401 suis
938 4354 1052 4417 quisquo
1072 4352 1152 4401 bonis
1171 4349 1402 4415 digladiabimur:

75 4449 161 4488 tsnec
180 4441 260 4486 vetus
278 4462 312 4473 —
330 4463 361 4470 —
380 4437 460 4501 vigor
479 4435 615 4502 elanguit:
640 4435 753 4486 offutias
772 4464 802 4472 —
822 4440 996 4501 -tempore
1020 4433 1108 4486 oculis
1131 4435 1233 4484 nostris
1251 4435 1402 4484 iniecistis:

174 4605 185 4636 ⁷
203 4602 317 4671 cornic]
332 4606 368 4656 cf.
381 4607 458 4656 Pers.
473 4612 526 4656 sat.
540 4607 572 4655 V.
589 4605 628 4655 12.
678 4603 697 4637 ¹¹
717 4605 822 4655 malent
835 4610 858 4656 1.
905 4604 927 4636 ¹⁵
945 4606 1142 4670 grammaticus
1155 4602 1256 4667 factus]
1273 4603 1402 4668 pebrnnd·

106 4689 197 4747 markt,
215 4691 347 4755 stigmate
360 4691 493 4756 inscripto
506 4696 625 4741 notatus.
680 4689 701 4722 ¹⁸
713 4689 870 4740 Alexander
884 4696 911 4740 G.
958 4688 981 4722 ⁰⁰
999 4687 1062 4754 Hic]
1076 4690 1204 4753 carnifex.
1257 4686 1401 4754 *thrys.]

107 4789 212 4824 aurum.
264 4772 318 4805 ⁸⁴³⁵
335 4773 472 4840 pntilago]
490 4776 588 4842 putida
605 4776 724 4826 sentina.
941 4773 963 4805 ³⁷
981 4775 1149 4826 Rornanensi
1166 4773 1276 4824 Lucilio
1287 4775 1325 4823 aia
1342 4777 1368 4823 2.

165 4860 297 4911 Hrrrarn
317 4859 386 4911 Orr.
405 4876 468 4912 voa.
487 4861 540 4912 111.
1140 4860 1179 4922 30
