3294 5408
342 412 467 449 HVTTBNI
480 412 509 447 ill
523 410 639 448 totum
652 411 688 447 D}
701 411 811 449 HVTTB!
825 411 981 450 summere
994 413 1180 450 burtonsrto.
1336 385 1409 456 ⁴105

316 569 455 647 Vipereos
477 565 576 628 molitu
600 584 700 628 comas
722 573 751 628 et
772 567 896 630 verbera
919 566 996 629 collo

317 669 494 749 Tisiphone?
516 676 566 730 eut
587 669 661 730 obiit
682 687 768 730 soror
789 669 906 732 huncce
928 671 1054 748 Megaera
1076 671 1226 732 laborem?

279 794 304 833 es
320 771 510 852 Quaecrrnque
533 778 578 833 est
600 789 666 851 quae
687 778 716 833 te
739 771 897 833 Furiarum
918 771 966 832 bis
988 772 1095 834 ictibus
1118 775 1177 853 egit

316 875 358 936 hd
381 873 495 944 scelus,
514 873 593 935 baud
616 891 745 953 unquam
768 875 862 952 peiuri
884 875 1041 937 excanduit
1061 883 1133 936 aestu

318 979 349 1038 lu
373 994 466 1057 genus
489 976 665 1045 humanum,
689 982 718 1037 te
739 980 833 1037 totum
856 977 975 1037 invertit
996 985 1026 1038 et
1048 995 1123 1048 uno,

316 1080 381 1152 Quo
404 1079 499 1140 maius
521 1095 666 1157 nequeas,
690 1079 804 1140 crimen
828 1079 1013 1141 committere
1035 1080 1127 1142 iussit.

315 1182 358 1242 hh
382 1189 466 1261 potes
488 1180 542 1241 has
564 1179 673 1240 violare
696 1198 815 1251 manus,
839 1198 876 1242 ex
898 1181 983 1242 hoste
1005 1180 1130 1243 salutem

277 1301 303 1342 so
317 1284 458 1356 Quaerere
481 1301 546 1362 quae
567 1282 709 1344 studuere
731 1282 803 1343 tibi?
825 1288 911 1361 potes
933 1284 962 1342 iu
986 1292 1074 1361 caput
1096 1285 1172 1344 istud

316 1385 447 1446 Eserere
471 1383 590 1445 hostiles
612 1383 738 1462 gladios,
762 1384 928 1463 vigilantius
950 1383 1042 1446 ullum

318 1488 383 1560 Quo
406 1504 465 1546 non
488 1493 672 1566 compertum
695 1493 741 1548 est
762 1504 817 1565 pro
840 1487 887 1547 tel
909 1493 1008 1566 potes,
1032 1487 1136 1568 impie,
1159 1486 1268 1549 tautam

317 1590 382 1650 Nou
405 1597 541 1669 spectare
562 1588 665 1657 tidem,
689 1587 745 1649 sub
768 1606 825 1666 qua
848 1587 947 1650 fidutia
970 1589 1027 1650 uxo
1050 1595 1094 1650 est

316 1693 437 1753 Summa
460 1690 529 1751 tibi‘i
552 1697 636 1770 potes
658 1689 716 1750 hoc
736 1682 820 1751 l'erro
844 1692 994 1769 contigere
1015 1709 1140 1770 corpus,

279 1817 305 1857 ss
319 1794 405 1868 Quod
428 1810 537 1871 corpus
559 1810 678 1854 servare
699 1800 799 1862 tuum,
822 1810 855 1854 se
876 1810 1028 1871 opponere
1051 1792 1138 1855 nullis

316 1897 381 1957 Non
405 1893 624 1956 discriminibus
647 1894 812 1964 consuevit,
835 1900 868 1955 ut
889 1896 1005 1974 integer
1028 1913 1124 1966 esses,

316 1999 409 2060 Tutus
432 2004 461 2065 et
482 1995 656 2058 incolumis?
678 1995 743 2057 Non
766 1995 824 2057 hoc
845 2014 901 2077 pro
923 2014 1047 2059 munere
1069 1996 1154 2059 reddi

317 2100 422 2162 Debuit
444 2099 575 2161 exitium.
599 2098 657 2160 Sed
680 2105 709 2159 te
731 2115 828 2177 neque
849 2101 992 2178 sanguiue
1013 2107 1115 2162 natum

316 2204 451 2264 Humano
473 2200 658 2282 perhibenda
679 2199 766 2270 fides,
791 2217 888 2280 neque
911 2219 1001 2263 carne
1023 2208 1176 2264 coactum:

275 2325 301 2367 so
316 2302 388 2374 Quae
410 2304 511 2382 genuit
532 2303 595 2365 iera
618 2309 712 2364 mater
734 2309 812 2372 erat,
836 2321 961 2383 quaeque
983 2304 1076 2367 ubera
1098 2323 1189 2384 parvo

314 2405 444 2468 Praebuit
465 2404 601 2485 Hyrcana
624 2403 763 2484 quiddam
786 2405 823 2467 de
845 2405 952 2483 tigride
973 2406 1065 2476 suxit,

315 2509 458 2571 Saevitiam
481 2507 595 2568 tactura
617 2505 685 2576 tibi,
707 2506 820 2568 iactura
844 2507 992 2576 furorem:

316 2609 463 2672 Credibile
485 2615 530 2671 est
551 2616 630 2671 atras
653 2610 741 2670 etiam
764 2610 878 2671 nutrire
900 2607 1008 2671 leaenas

314 2713 437 2792 Ingenio
460 2711 600 2791 quiddam
623 2717 782 2790 cognatum
805 2718 835 2772 et
856 2710 990 2772 moribus
1011 2713 1091 2784 istis,

276 2836 302 2877 es
317 2817 374 2876 hut
395 2813 493 2894 aliquo
515 2820 654 2892 serpente
675 2819 788 2881 satum,
811 2831 899 2892 quem
921 2812 986 2874 dira
1010 2815 1123 2895 Cyrene

314 2917 396 2978 Toeta
419 2933 567 2977 venenoso
589 2914 673 2975 solita
696 2921 740 2976 est
762 2914 930 2993 producere
951 2923 1049 2995 partu.

314 3019 357 3081 Te
378 3018 538 3110 Rhodope,
560 3023 590 3078 te
612 3016 704 3076 tristis
725 3015 817 3076 Athos
838 3015 1019 3096 Riphaeaque
1042 3025 1143 3081 cautes

315 3120 428 3192 Edidit,
451 3128 502 3183 aut
523 3119 651 3199 Scythici
673 3115 804 3180 borealia
827 3136 980 3181 murmure
1003 3119 1093 3182 Tauri

315 3223 529 3303 Caucaseaeque
551 3221 633 3283 nives
655 3227 685 3282 et
706 3218 836 3283 desolata
858 3221 973 3300 pruinis

276 3348 302 3387 eo
316 3325 446 3388 llereinii
469 3342 620 3403 nunquam
643 3324 774 3386 nemoris
796 3323 878 3402 iuge,
902 3341 1027 3403 quaeque
1050 3302 1195 3404 patenteis

313 3428 483 3490 Exonerant
504 3434 600 3489 terras
622 3424 739 3488 nebulis
761 3433 791 3487 et
812 3424 942 3488 nubibus
964 3426 1062 3508 Alpes.

314 3530 411 3592 lutera
433 3536 463 3591 te
484 3527 583 3590 rabies
605 3529 699 3598 misit,
722 3534 751 3589 te
772 3535 867 3590 mater
888 3529 1015 3609 Erinnys

179 3752 202 3786 ⁶⁴
224 3749 386 3819 Tisiphone]
405 3766 462 3801 uns
480 3750 620 3802 extribus
644 3750 725 3800 iuriis
749 3749 909 3812 „Continuo
926 3752 1013 3802 sontis
1035 3750 1120 3802 ultrix
1143 3751 1274 3802 accincto
1295 3749 1407 3816 flagello

111 3839 262 3904 Tisiphone
280 3837 371 3903 quetit
388 3835 526 3887 insultans
543 3839 691 3900 torvosque
709 3836 823 3886 sinistre
834 3837 980 3888 Intentsns
999 3837 1100 3903 anguis
1111 3841 1194 3888 vocet
1206 3837 1319 3903 regmine
1331 3850 1408 3886 erere

110 3927 258 3976 sororum''.
286 3924 364 3987 Verg.
377 3921 446 3972 Aen.
459 3920 506 3971 Vl.
520 3918 579 3970 570.
593 3935 652 3985 sqq.
673 3919 773 3970 “Sera
792 3920 943 3987 Tisiphone
968 3926 1053 3987 ceput
1070 3919 1251 3988 Serpentibus
1273 3920 1406 3970 vullerd&
1483 3948 1488 3957 .

111 4011 202 4061 Serico.
215 4010 298 4059 Herc.
312 4007 365 4057 fur.
377 4004 437 4056 984.
507 4005 580 4055 huno
592 4019 685 4055 omnes.
704 4009 813 4056 correxi
829 4005 945 4057 huncce.
1015 4007 1154 4074 Megaera,
1173 4000 1319 4072 Μέγαιρα,
1338 4005 1406 4067 „Di-

113 4100 211 4146 cuntur
228 4094 348 4160 geminae
366 4096 460 4158 pestes
479 4090 643 4157 cognomine
661 4090 746 4151 Dine,
766 4090 843 4152 Quas
861 4094 889 4141 et
907 4091 1071 4142 Tartaream
1083 4091 1141 4141 Nox
1160 4091 1329 4157 intempeste
1346 4089 1402 4139 Me-

111 4194 215 4245 grersm
233 4178 296 4229 Uno
320 4176 470 4242 eodemque
494 4175 559 4225 tulit
581 4179 662 4240 psrtn
685 4176 855 4240 paribusque
879 4176 998 4226 revinxit
1020 4176 1184 4243 Serpentum
1207 4176 1290 4241 spiris
1312 4177 1408 4225 vento·

111 4278 212 4329 sesque
231 4261 439 4313 addidicerant
463 4262 542 4326 Verp.
556 4260 624 4310 sen.
637 4259 702 4309 XII.
714 4257 774 4309 845.
787 4275 846 4326 sqq.
860 4260 904 4312 Cf.
920 4261 972 4312 Oto.
986 4261 1020 4311 de
1033 4262 1091 4312 LL.
1104 4262 1127 4311 1.
1136 4260 1211 4324 ihm.
1264 4258 1287 4293 ⁷³
1306 4258 1408 4309 fiducia

111 4351 172 4401 23.
236 4343 258 4379 ⁸¹
281 4346 318 4397 ci.
342 4348 422 4412 Verp.
440 4347 509 4397 hen.
527 4342 646 4397 Ivem.
666 4344 709 4395 Cf.
723 4344 864 4411 Triumph.
878 4344 1106 4398 uouentem.
1158 4344 1180 4379 ⁸⁸
1200 4342 1405 4405 (latuddbttt.

113 4434 268 4496 ,‚Qursuam
286 4435 314 4482 te
333 4432 432 4496 genuit
448 4431 510 4482 sole
527 4430 578 4483 sub
596 4445 664 4496 rupe
687 4429 814 4481 lerens?”
908 4427 993 4496 utres]
1018 4447 1067 4482 non
1085 4437 1136 4481 tum
1154 4433 1190 4482 ad
1207 4434 1316 4491 cotos-em
1334 4446 1407 4496 qum

112 4521 149 4569 ad
165 4521 288 4568 soevtticm
305 4518 431 4581 refertur.
501 4514 524 4549 θ’
542 4515 711 4581 Cyrenaico,
736 4515 853 4568 locustis
871 4516 959 4582 mogis
983 4530 1064 4581 quem
1082 4517 1259 4582 serpentibus
1277 4516 1406 4578 obnoxia,

111 4602 355 4669 protritamque
374 4606 434 4653 tote
450 4603 621 4669 serpentium
633 4601 741 4667 nutdx,
759 4601 786 4652 h.
799 4600 818 4651 l.
832 4601 996 4652 nominatur.
1049 4599 1119 4645 ’ἠι-
1136 4602 1270 4652 Ferorum
1286 4600 1405 4651 esltnurn

111 4690 298 4753 montiumque
318 4687 453 4753 exemplo.
514 4688 538 4721 ’θ
554 4690 684 4753 petentes
697 4690 724 4739 3.
786 4684 806 4718 ⁹¹
825 4684 993 4752 Exonersnt]
1013 4685 1129 4737 nebulas
1148 4693 1175 4736 et
1192 4686 1280 4737 nubes
1297 4686 1327 4736 in
1345 4701 1406 4738 sese

113 4773 309 4825 contrahentes
323 4773 358 4823 eb
371 4771 427 4822 illis
438 4771 562 4823 liberent
574 4772 738 4824 ediscentes
748 4771 886 4839 regiones.
933 4768 956 4804 ⁹²
967 4772 1081 4838 Erinys,
1100 4771 1187 4837 furis,
1201 4771 1307 4823 animos
1318 4771 1405 4823 homi·
