3294 5408
413 404 523 441 uuonan
536 405 669 441 stennon
681 405 718 440 ΔΙ)
731 405 890 441 conuentu
902 404 1056 440 PBBPATIO·
1306 374 1380 447 275

93 561 265 612 doctrinam
278 564 365 626 possis
381 562 465 612 uideri
481 563 524 611 illo
542 561 583 611 uic
601 561 743 620 includere,
767 567 793 611 et
814 576 898 610 musas
915 562 947 611 de
966 561 1093 611 Helicone
1108 567 1136 612 et
1152 561 1284 612 Parnasso
1302 562 1381 612 deniu-

92 652 162 706 ctas,
180 648 206 695 in
227 646 361 712 Tarpeium
379 652 403 695 et
422 645 574 706 Quirinalem
591 649 641 696 tuis
657 646 739 696 bortis
756 647 921 703 imminentes,
945 647 1099 710 traruserre.
1139 646 1190 697 Vbi
1206 649 1271 696 nlius
1288 647 1324 697 ad
1339 663 1382 697 ar·

93 731 169 782 bores
185 732 284 788 ebrias,
303 735 367 782 alius
385 733 421 781 ael
436 732 570 781 bortenses
583 733 709 795 parietes,
729 732 795 781 alius
813 732 849 781 aot
864 737 962 795 puteos,
981 737 1026 780 out
1043 735 1123 795 sipna,
1143 746 1192 805 pup
1208 733 1260 781 illic
1273 735 1384 795 pistrina

92 822 151 865 sunt
168 823 194 866 et
210 818 340 882 speciosa,
359 822 441 866 omnta
459 818 558 882 antiqui
573 818 660 881 operis
678 823 703 866 et
717 818 802 889 glorie
816 820 908 880 plena,
927 817 975 866 bac
993 819 1051 866 illac
1068 823 1162 866 temere
1180 823 1205 866 et
1222 820 1305 875 uarie,
1324 833 1382 866 ear·

70 903 161 950 emina
178 901 286 967 asfipunt
303 908 361 951 tuas
377 907 489 960 statuas,
508 908 574 950 tuam
592 903 724 966 pietatem,
743 895 947 968 liberalitaleniq3
965 904 1020 952 eius
1037 903 1101 959 diet,
1119 908 1171 952 lanu
1188 904 1215 952 in
1232 904 1302 952 Deos
1318 898 1342 969 ᾇ
1358 901 1384 951 in

93 987 203 1036 bomines
221 993 328 1046 tantun,
347 1002 394 1037 uno
412 1001 458 1037 ore
476 985 663 1037 concelebrant.
699 986 796 1052 Deniq3
815 978 904 1036 nullom
922 990 947 1036 in
965 986 1027 1037 orbe
1039 992 1167 1043 mmm
1185 986 1276 1050 (anesim
1287 987 1334 1037 boc
1346 989 1384 1036 ‹ti-

93 1072 165 1136 cere)
183 1073 310 1122 consilium
335 1079 378 1121 aut
399 1073 539 1122 conuiuium
562 1078 614 1134 est,
638 1074 680 1121 illo
704 1077 747 1120 tuo
770 1073 836 1120 illius
860 1072 923 1126 diei.
946 1071 1132 1139 nobilius'atqj
1153 1055 1289 1130 illustrius,
1312 1089 1385 1138 quum

91 1157 266 1220 prccantum
283 1173 355 1207 mane
372 1158 524 1220 sacritieijs,
548 1163 574 1207 et
591 1173 620 1207 re
638 1157 737 1213 diuina,
760 1163 820 1220 post
836 1163 955 1221 serpente
974 1172 1094 1223 uespera,
1117 1160 1213 1208 selecta
1230 1157 1385 1208 ductuum-

93 1257 149 1292 m
164 1242 251 1300 tuba,
274 1248 300 1292 et
323 1245 397 1308 quasi
417 1242 495 1305 flores
518 1245 670 1300 litterarum,
694 1245 720 1291 in
742 1242 830 1291 bortos
853 1247 910 1292 tuos
931 1248 1133 1293 coaceruantur:
1155 1257 1219 1308 quos
1241 1249 1269 1292 lu
1286 1242 1385 1309 quidese

59 1325 212 1395 loptnrui
234 1343 322 1392 repes,
344 1318 457 1393 pluriiq3
479 1325 643 1393 fiSatrapas
663 1329 796 1376 uniuersos
818 1328 929 1376 metimus
951 1334 977 1377 ct
998 1328 1053 1377 iia-e
1075 1328 1195 1378 estimas.
1231 1328 1300 1393 Nep)
1321 1328 1385 1378 enin

92 1412 250 1478 philosopus,
268 1417 339 1463 immo
355 1412 485 1476 sapienti!
500 1412 554 1471 tibi,
569 1415 629 1476 plus
645 1415 751 1462 aninmm
765 1425 882 1485 purpurf
898 1429 930 1463 ac
946 1414 1028 1483 mitre,
1047 1413 1121 1478 quun
1137 1415 1251 1463 earmina
1267 1419 1294 1463 et
1304 1418 1387 1462 metra

91 1499 250 1563 peruadunt,
273 1511 335 1564 neq3
348 1499 432 1562 pluris
449 1513 493 1548 eos
507 1498 589 1561 sams,
613 1500 655 1563 qui
676 1504 746 1555 sunt,
769 1494 787 1565 ᾖ
809 1499 851 1570 qni
874 1513 930 1548 esse
953 1513 1029 1563 repes
1045 1503 1181 1548 merentur.
1217 1498 1322 1548 Possem
1338 1512 1385 1564 epo

94 1587 157 1634 nuos
173 1583 214 1633 bic
231 1585 358 1639 inserere,
384 1585 537 1633 aenomina
556 1586 692 1647 poe'lurum
709 1586 746 1632 tui
764 1585 898 1648 temporis,
920 1585 1073 1647 posteritati
1093 1584 1225 1642 indicare,
1249 1585 1300 1633 nisi
1319 1583 1386 1648 peni
1460 1560 1468 1579 Ι

94 1668 287 1718 innumerabiles
305 1675 398 1730 essent,
417 1684 448 1718 ac
465 1666 532 1717 bona
549 1684 634 1719 eorum
651 1684 715 1733 pars
733 1671 758 1718 in
776 1668 858 1719 libello
870 1670 927 1733 ipso
939 1671 1076 1719 carminum
1087 1674 1264 1720 annotaretur.
1301 1666 1386 1728 Quare

64 1759 122 1804 lsle
139 1756 230 1803 iterun
251 1761 306 1818 atq3
327 1756 418 1803 iterum
437 1753 537 1816 felicem
561 1755 616 1803 iure
640 1756 835 1820 appellauerim,
858 1770 911 1803 cum
928 1759 955 1803 tu
978 1756 1004 1804 in
1025 1760 1098 1804 tanta
1119 1754 1235 1805 obertate
1257 1753 1386 1819 inpenion,

96 1845 214 1905 quantam
225 1845 314 1888 nostra
327 1840 381 1888 tuit
393 1846 466 1895 utos,
485 1855 536 1889 non
552 1843 629 1889 sollum
647 1842 817 1898 annumerari,
835 1841 883 1890 sed
899 1838 932 1889 ob
949 1839 1060 1890 omnibns
1076 1854 1137 1890 anus
1154 1838 1281 1890 celebrari
1291 1853 1386 1889 merue-

95 1927 142 1977 ris.
177 1923 246 1973 Eant
264 1926 342 1989 ipitur
359 1925 413 1980 isti,
438 1926 481 1989 qui
502 1926 636 1990 laquearia
657 1941 738 1974 merea
758 1929 844 1989 supini
863 1926 1004 1989 suspicione
1024 1926 1052 1974 in
1073 1929 1194 1988 mineris,
1216 1936 1307 1990 suasq3
1323 1939 1386 1990 opes

94 2008 145 2059 sibi
165 2009 271 2068 babent,
295 2015 339 2058 aut
361 2025 441 2058 auare
463 1998 590 2068 occlusas,
615 2016 659 2058 aut
681 2011 803 2063 inutiliter
823 2010 961 2074 profusas,
985 2015 1029 2060 au
1051 2011 1162 2075 indipnis
1183 2016 1317 2075 eropatas,
1340 2024 1387 2060 nec

96 2091 174 2160 quiea*
189 2095 216 2143 in
230 2098 323 2158 poetas
340 2099 365 2143 et
383 2095 472 2144 doctos
488 2097 557 2144 uiros
575 2097 726 2159 tarpiuntur.
766 2095 803 2144 Tu
820 2098 885 2144 enim
902 2111 953 2146 non
968 2107 1026 2161 0qu
1044 2096 1109 2145 alteo
1132 2095 1217 2154 diues,
1239 2096 1386 2146 sedimen

58 2183 162 2231 issatis
179 2180 259 2228 mnino
278 2181 362 2238 diues,
381 2194 412 2228 ac
429 2180 573 2229 diuitiarum
588 2182 703 2245 prudens
719 2182 840 2245 portitor,
859 2180 937 2231 nobiti
953 2181 1002 2230 bac
1018 2179 1180 2238 liberalitate,
1199 2195 1271 2245 quam
1288 2181 1315 2229 in
1325 2195 1386 2244 per·

66 2288 70 2296 ·
92 2271 195 2329 petuurn
212 2266 364 2327 sacrificium
382 2271 407 2313 el
426 2267 450 2312 in
468 2267 570 2315 solenne
588 2266 635 2316 boc
653 2268 751 2330 epulum
768 2268 902 2322 contulisti,
920 2272 971 2315 tum
989 2268 1041 2316 alia
1058 2266 1216 2316 indesinente
1234 2272 1259 2316 et
1274 2267 1386 2330 perpeti,

96 2366 170 2415 quam
186 2351 212 2398 in
230 2364 315 2400 omnes
332 2351 434 2399 assidue
452 2348 531 2400 bonos
546 2367 598 2414 per
615 2352 772 2400 occasionem
794 2366 917 2415 exerces,
937 2352 1024 2415 factus
1046 2366 1074 2401 es
1090 2351 1266 2416 sempiterws.
1301 2349 1387 2417 Siqui-

96 2435 195 2484 demin
218 2436 303 2491 diuos,
323 2437 366 2499 qui
381 2449 462 2499 snpra
479 2436 601 2492 borsines,
625 2437 650 2484 in
668 2436 790 2491 nomines,
815 2437 857 2501 qui
874 2439 941 2486 inter
958 2436 1069 2486 nomines
1085 2437 1205 2487 doctrino
1221 2439 1386 2493 eccellerenl,

96 2521 232 2570 mteneuu
246 2522 320 2569 simul
333 2521 456 2584 pietatem
473 2537 505 2570 oc
522 2517 683 2571 liberalitati.
724 2522 817 2571 Verum
840 2524 877 2570 itti
898 2537 951 2570 cum
973 2525 1026 2572 suls
1039 2522 1157 2586 plurimis
1173 2520 1275 2586 opibus,
1300 2521 1387 2587 quibus

59 2608 135 2657 isati
150 2603 342 2668 nebsciuerunt,
365 2606 516 2668 interibunt,
540 2598 656 2671 nomeniqj
679 2608 727 2655 onni
749 2613 804 2672 oth
823 2622 886 2672 opes
903 2607 1020 2656 interra
1037 2607 1158 2663 condent,
1180 2612 1208 2655 tu
1228 2607 1388 2671 paucissimis

95 2691 147 2740 tntis
164 2691 264 2754 diuitiis
278 2689 392 2755 perbene
409 2707 474 2753 osus,
494 2691 556 2741 bene
574 2709 605 2741 ae
622 2694 775 2755 sempiterne
793 2695 880 2741 uteris.
916 2691 1015 2742 Etenim
1033 2693 1059 2741 in
1076 2694 1139 2743 eoeio
1156 2690 1203 2741 tibi
1218 2676 1388 2742 (statumen

97 2775 167 2833 Diui,
184 2777 211 2825 in
228 2780 307 2825 terris
324 2779 413 2840 optimi
428 2776 547 2833 bomines,
565 2779 665 2841 optimis
682 2779 858 2833 rnorcumentis,
875 2777 1061 2840 perennitatem
1077 2776 1228 2841 rependent.
1265 2775 1318 2838 Quo
1335 2793 1387 2826 na·

94 2863 136 2925 pis
152 2861 258 2911 miratus
276 2863 413 2927 aliqnando
431 2878 496 2919 non,
520 2869 545 2910 le
563 2868 613 2911 tmn
631 2863 774 2926 inpluvium,
799 2867 855 2926 atq3
872 2862 1067 2912 immortalitatis
1084 2867 1281 2926 contemptorem
1295 2863 1386 2926 fuisse,

96 2953 124 2995 ut
140 2952 183 3019 tuq
199 2947 281 3018 plorip
297 2948 439 3004 inuideres,
458 2949 600 3012 corminnqn
619 2955 667 3005 tot,
692 2948 758 3011 toth
777 2948 878 3011 inpenio
894 2948 1079 3011 supprimens,
1102 2954 1128 2998 ct
1143 2962 1198 2997 esan
1213 2948 1321 3011 ploriom
1337 2954 1387 2998 tan

62 3033 247 3094 aoneruisses,
269 3033 383 3081 meritam
401 3040 451 3080 tam
468 3040 652 3092 contemneres,
678 3040 721 3080 nna
739 3040 808 3081 certe
827 3033 976 3095 nepliperes.
1012 3031 1082 3083 Ecce
1099 3033 1149 3082 iam
1166 3031 1320 3082 Decennium
1336 3034 1386 3083 cir·

97 3125 233 3167 ounaolum
250 3123 301 3173 est,
326 3133 361 3166 en
379 3131 427 3181 quo
445 3119 494 3166 ista
512 3117 635 3180 conflata,
659 3120 760 3173 creuisse,
785 3108 881 3181 dinis'qj
905 3118 1002 3166 donata
1018 3123 1078 3167 sunt
1094 3132 1141 3167 neo
1158 3117 1216 3167 dun·
1232 3116 1259 3166 in
1276 3118 1388 3169 lueenll

99 3211 123 3253 te
139 3202 316 3267 proferuntur.
351 3202 473 3251 Inuidisti
491 3201 542 3258 tibi,
560 3203 631 3251 intono
649 3204 723 3252 elilim
735 3202 817 3260 Diuis,
835 3203 906 3252 immo
919 3208 945 3251 et
956 3200 1028 3252 nobis
1039 3201 1159 3264 omnibus,
1178 3202 1222 3267 qui
1237 3216 1289 3251 non
1304 3218 1387 3253 sunus

99 3296 150 3337 tarn
165 3287 311 3351 plcilosopbi
328 3289 400 3352 qnctim
418 3295 452 3343 tu,
471 3288 515 3352 qni
527 3287 638 3337 Gloriam
650 3303 767 3341 (emamus,
786 3291 832 3351 qut
843 3287 939 3350 somam
957 3301 1006 3336 non
1023 3288 1208 3338 contemnimus.
1245 3285 1317 3352 Erpo
1336 3285 1387 3351 (di-

97 3388 152 3423 cam
169 3374 234 3422 enim
250 3374 299 3421 iarn
316 3372 408 3441 libere)
426 3380 505 3421 tecum
521 3373 606 3435 piarem
624 3385 680 3422 esse
698 3374 823 3436 oportuit,
848 3379 904 3438 atpp
927 3373 999 3422 istum
1021 3371 1140 3430 libellam,
1164 3388 1236 3437 quem
1257 3380 1284 3423 tu
1304 3374 1388 3437 sepul·

62 3466 149 3510 estun
166 3465 220 3522 atq)
238 3461 359 3507 occultum
376 3462 499 3515 uolueras,
517 3458 649 3520 subfurori
666 3458 718 3514 tibi,
737 3465 792 3524 otq3
810 3460 835 3506 in
853 3462 931 3508 lucem
948 3457 1026 3507 edere
1042 3472 1108 3523 opus
1116 3456 1174 3519 suit,
1192 3465 1217 3507 ot
1229 3456 1387 3508 nobt'somni·

98 3543 143 3594 bus
160 3545 268 3608 aliquam
285 3545 395 3606 offerret
411 3547 497 3592 lucem.
533 3544 592 3593 Scio
612 3559 661 3593 non
679 3559 734 3594 esse
752 3559 798 3593 nos
819 3545 959 3608 Verpilios,
983 3554 1043 3608 nep)
1065 3548 1116 3592 tan
1137 3557 1184 3592 nos
1200 3551 1330 3594 assecutos
1346 3544 1387 3594 bis

96 3630 210 3692 piurimis
227 3627 347 3685 uersibus,
364 3624 385 3693 a*
402 3630 468 3677 illum
485 3629 534 3678 iliis
549 3631 723 3692 paucissimis:
741 3628 796 3678 Sea
813 3645 858 3679 nec
875 3632 936 3678 ullos
954 3629 1019 3678 alios
1035 3633 1136 3692 proeter
1151 3628 1290 3693 Verpt'b'um
1304 3627 1387 3690 fuisse

102 3714 242 3776 Vespillos,
266 3721 291 3762 et
314 3719 337 3762 te
359 3715 397 3762 illi
416 3714 522 3775 l'orpcio
540 3711 764 3778 ante-iponenlium
787 3713 824 3776 (nt
841 3712 909 3777 dici)
932 3728 982 3762 non
1001 3711 1099 3770 dubito,
1122 3725 1183 3777 περ)
1201 3715 1260 3778 quia
1277 3728 1324 3765 nos
1341 3713 1388 3764 tibi

103 3799 215 3862 Verpilip’
232 3812 288 3847 esse
306 3814 355 3846 non
370 3813 510 3862 possumus,
529 3797 594 3848 Inteo
613 3807 638 3848 tu
657 3799 728 3849 nobis
745 3816 796 3849 non
813 3803 866 3849 eris
885 3799 1013 3863 Corpeius.
1054 3799 1139 3855 Viues,
1157 3800 1226 3849 niues
1242 3796 1289 3866 ind
1303 3800 1386 3851 nobis·

63 3896 90 3936 to
101 3900 162 3941 eum
180 3890 206 3933 et
222 3882 271 3932 boc
287 3899 333 3932 ono
351 3885 462 3932 remedio
480 3890 584 3932 nlenten
601 3886 737 3939 vincemus,
755 3893 780 3934 ot
797 3886 889 3933 mortui
905 3887 963 3941 nita,
979 3899 1030 3948 per
1045 3882 1138 3945 sarnam
1155 3890 1180 3934 et
1196 3886 1304 3949 pluriam
1318 3886 1387 3935 niua-

98 3985 159 4021 mus.
195 3967 307 4029 Quodsi
323 3972 406 4018 ultera
424 3981 501 4033 quinq]
520 3971 672 4019 ouenmtntis
689 3971 743 4026 oia,
763 3985 811 4041 que
829 3971 906 4019 urrais
923 3976 948 4018 et
965 3968 1081 4033 oictorijs
1099 3970 1231 4035 quaritur,
1255 3971 1282 4019 in
1298 3971 1387 4035 precio

100 4062 150 4114 est,
169 4055 299 4120 quinimmo
314 4053 459 4118 preciosior
476 4053 622 4118 quibusdum
639 4054 757 4113 babetur,
777 4055 834 4120 Epo
852 4059 925 4104 istum
942 4054 1001 4103 mibi
1017 4053 1117 4114 amabo,
1136 4069 1184 4128 quq
1199 4055 1309 4120 prodest
1323 4057 1387 4106 scri-

99 4140 193 4197 bendo,
217 4153 267 4188 non
284 4137 356 4188 obest
372 4142 510 4202 rapiendo,
535 4155 582 4213 que
599 4141 751 4199 innocentia,
770 4141 935 4198 humanitate,
952 4141 1058 4203 pietate,
1076 4155 1126 4190 non
1143 4141 1264 4197 medana,
1282 4141 1336 4198 ira,
1354 4142 1386 4200 oi,

100 4226 239 4275 temeritale
256 4225 392 4279 contendit,
412 4224 456 4273 Ita
473 4231 498 4273 ot
516 4228 588 4290 lonpe
606 4226 666 4275 mibi
678 4233 821 4290 proeoptenc
840 4224 875 4287 (si
890 4225 919 4275 iot
930 4226 1032 4291 assequi
1040 4224 1153 4289 possem)
1169 4229 1270 4290 poitlnn
1282 4241 1319 4276 me
1331 4240 1387 4275 csse

64 4310 118 4379 4553
134 4312 242 4360 mititem.
281 4309 374 4360 Verum
396 4311 432 4358 alt
453 4326 490 4359 me
508 4312 600 4368 redeo,
625 4328 695 4376 quem
715 4311 800 4374 furem
819 4311 901 4374 fnisse
916 4310 1005 4373 fateor
1022 4324 1053 4359 ne
1072 4317 1097 4359 tu
1115 4325 1186 4360 esses
1203 4309 1315 4366 inuictus,
1339 4327 1387 4361 neu

97 4398 167 4460 sorte
185 4397 213 4446 ill
230 4394 301 4445 nobis
318 4395 387 4460 quod
403 4397 460 4445 otim
476 4396 514 4446 illi
536 4399 662 4456 eueniret,
688 4397 733 4446 Cui
755 4397 843 4445 dimna
864 4396 932 4459 opici
948 4401 1068 4445 raserunt
1084 4395 1197 4445 carmina
1215 4408 1306 4443 mures.
1342 4395 1386 4444 Li·

100 4481 169 4531 brum
186 4483 251 4547 ''Wli
268 4484 352 4537 istm,
378 4497 448 4545 quem
465 4487 491 4529 tu
509 4486 614 4546 capsula
631 4484 755 4532 occlusum
773 4481 890 4543 tenebas,
912 4482 939 4530 in
957 4487 1000 4529 tun
1016 4482 1114 4538 cellula,
1133 4480 1169 4528 all
1184 4482 1265 4551 lpecom
1281 4495 1385 4540 manum,

99 4569 182 4632 sopito
201 4582 282 4631 nuper
300 4565 345 4614 tibi
360 4566 482 4631 subripui,
500 4574 525 4616 et
543 4569 617 4632 quasi
633 4567 650 4615 b
668 4565 753 4617 Sileno
772 4568 910 4617 ‹tommente
932 4565 1074 4630 Vespiliani
1087 4567 1170 4629 pueri,
1189 4565 1227 4614 sic
1244 4578 1291 4629 opo
1309 4565 1385 4617 tco-
1442 4561 1445 4568 ¹

99 4654 171 4717 rpcio
188 4667 261 4709 sene,
283 4658 383 4701 cetmna
405 4653 518 4704 cornino
535 4656 598 4703 clam
615 4656 727 4710 extorsi,
749 4653 932 4718 inunlpantin'qp
950 4652 1019 4715 tppis
1036 4651 1105 4700 dedi.
1140 4649 1222 4700 Dabis
1238 4656 1265 4698 tu
1281 4653 1385 4710 ueniam,

65 4749 93 4790 50
103 4757 134 4791 ac
151 4754 243 4789 nemen
259 4736 355 4788 rc'niibis
372 4738 398 4787 in
415 4740 535 4802 prolium,
555 4747 579 4789 ut
596 4742 676 4796 noles,
697 4752 757 4805 neq3
774 4754 812 4790 me
828 4740 867 4788 sic
880 4739 965 4801 furem
982 4736 1081 4794 enimn,
1099 4743 1125 4786 ut
1142 4751 1192 4786 non
1208 4737 1342 4802 resopita,
1360 4745 1386 4789 le

1098 4818 1160 4883 18·
