3294 5408
306 389 429 427 EVT'I‘HI
443 389 480 423 Ab
492 387 625 424 CAEMBH
639 386 851 422 ἊΔΧΙΙῙΜΔῙΠΙ
864 384 1087 421 ΕΡΙῦΕΑΙΙΔΤἿΙ
1100 384 1193 420 LIBER.
1318 353 1391 424 255

308 543 408 621 [lignee
430 543 498 603 odio
520 549 637 621 gentes:
662 541 767 602 ‘vinci’
789 538 879 601 llalus
900 533 978 610 olet,
1002 537 1137 621 ‘Apollm

282 667 294 705 a
394 645 504 707 ltaliam
527 644 636 707 leviore
658 643 755 722 iugol'
778 643 884 704 “Gens
905 642 1017 721 perlida
1038 640 1180 720 semper”

308 746 437 809 Plrmbus
459 749 498 808 ait
521 748 707 815 “Venetum;
731 762 804 823 gens
826 762 943 823 semper
966 743 1047 806 Galla
1070 743 1218 823 superbit;

392 850 457 910 Non
472 867 589 928 sempor
605 849 750 909 Germana
767 847 854 908 bibit:
877 847 942 926 lege
957 846 993 908 tle
1009 845 1103 909 tribus
1119 845 1237 909 unam.''

224 1030 283 1091 121.
491 1037 542 1087 DE
560 1035 849 1086 IMBEOILLI'I'ATE
869 1034 990 1087 GALLI.

310 1156 481 1217 Parturiunt
503 1162 631 1225 montes,
654 1154 705 1216 ille
728 1157 787 1217 exit
808 1154 950 1216 ridiculus
972 1171 1052 1221 mus:

393 1259 532 1319 Cinnama
555 1259 700 1337 promittit
721 1256 827 1327 Gallia,
850 1264 968 1336 praestat
989 1254 1063 1316 olus.

309 1361 501 1422 Creiliderant
523 1360 585 1421 ltali
607 1367 758 1422 venturam
781 1379 797 1420 e
819 1358 967 1420 montibus
989 1357 1045 1419 illis

283 1485 294 1523 e
395 1462 488 1535 Quam
511 1470 610 1542 posset
632 1461 709 1523 bello
732 1464 851 1524 vincere
873 1479 960 1523 nemo
982 1478 1117 1529 manum:

308 1564 408 1625 Turba
432 1568 507 1634 ruit,
531 1565 601 1627 levis
623 1564 777 1626 Atrebates
799 1571 828 1627 et
849 1564 967 1626 immina
990 1565 1107 1633 l'ieton,
1138 1550 1141 1555 ¹

393 1666 527 1747 lluieque
550 1668 717 1747 superstitio
740 1667 927 1755 Parrhisiana
950 1684 1065 1735 comes,

308 1769 503 1850 lnsuetusque
524 1769 593 1830 mali
615 1771 747 1839 Leucus,
772 1771 882 1849 quique
904 1769 1011 1848 impete
1033 1769 1144 1848 primo,
1190 1756 1192 1761 ⁴

220 1918 223 1924 .
282 1891 295 1931 e
395 1872 460 1933 Non
484 1872 560 1952 potis
582 1873 612 1932 in
635 1870 771 1950 longum,
794 1870 921 1933 Celticus
942 1854 1029 1950 urget
1050 1888 1156 1951 eques,

310 1972 559 2054 Commentorque
581 1974 658 2052 lugae
681 1973 793 2035 Biturix
816 1973 968 2052 timidique
990 1972 1115 2034 Cadurci

395 2077 446 2147 Et,
470 2095 544 2156 quos
565 2078 624 2137 iam
647 2077 731 2137 toties
753 2078 891 2148 vicimus,
915 2074 1102 2153 Allobrogem

310 2177 451 2240 Insubres
473 2180 628 2257 rapiuntur
651 2197 736 2259 opes,
760 2198 825 2241 sese
848 2176 931 2239 ebria
953 2177 1099 2257 produnt,

273 2301 298 2342 n
397 2281 503 2341 Stortia
526 2300 559 2342 se
580 2282 695 2351 vendit,
720 2281 770 2343 dat
790 2298 842 2342 sua
864 2297 956 2358 regna
979 2280 1078 2360 Ligur.

310 2384 391 2455 eros
407 2392 476 2444 tunc
491 2401 550 2444 non
565 2383 702 2463 plausus,
725 2402 799 2463 quos
814 2402 889 2453 non,
913 2383 1052 2463 decepta,
1074 2381 1240 2461 triumphos

395 2485 509 2546 Edebat
530 2484 616 2546 tellus
637 2484 726 2556 ltala,
749 2484 845 2554 Galle,
869 2484 940 2547 tibil

312 2587 408 2649 Caesar
430 2588 513 2649 adest
535 2606 723 2667 pugnamque
745 2589 831 2667 petit:
856 2596 887 2649 tu
909 2591 955 2647 rix
978 2586 1055 2648 bene
1077 2590 1138 2648 viso

275 2710 299 2751 ro
398 2689 462 2751 Non
485 2692 547 2751 ruis
568 2697 601 2752 ut
621 2707 753 2769 pugneS,
776 2691 828 2753 sed
849 2692 911 2751 ruis
933 2697 966 2751 ut
987 2688 1090 2768 fugias.

312 2791 441 2852 Desinite
464 2791 603 2862 ulterius,
627 2792 706 2865 Itali,
729 2794 880 2854 confidere
902 2791 1001 2854 Gallo:

397 2894 461 2953 Non
484 2897 561 2972 potis
584 2903 644 2964 est,
668 2898 693 2955 si
716 2894 785 2975 quid
809 2896 901 2973 cepit,
924 2892 1036 2955 babere
1058 2893 1117 2955 diu.

312 2996 392 3056 Adde
416 2996 494 3073 quod
518 2996 579 3056 trare
602 2998 691 3057 armis
714 3015 772 3057 non
795 2998 918 3065 vicerat,
942 3003 1053 3057 emerat
1074 3014 1164 3056 auro:

273 3120 299 3159 ro
397 3098 460 3158 lloc
483 3099 600 3159 tandem
624 3106 668 3161 est
690 3097 728 3159 illi
751 3101 882 3169 vincere,
906 3100 984 3177 regis
1006 3117 1089 3177 opus.

232 3280 294 3340 122.
653 3287 703 3337 DE
722 3287 858 3337 EADEM.

226 3470 229 3478 ¹
314 3405 371 3463 Ver
394 3413 472 3473 erat,
497 3405 640 3467 extulerat
662 3424 781 3485 pugnax
803 3425 855 3467 sua
877 3405 935 3466 lilia
959 3405 1076 3475 Gallus;

397 3507 514 3568 Florida
537 3507 664 3570 bissenis
687 3508 837 3570 mensibus
859 3508 906 3569 illa
929 3507 1008 3578 tulit3

313 3608 370 3670 Ver
394 3611 516 3679 iterum,
539 3609 633 3688 gelida
657 3613 748 3671 movit
769 3630 801 3672 se
823 3617 927 3672 ventus
949 3611 985 3671 ab
1009 3619 1091 3672 aroto

287 3732 299 3771 4
398 3711 503 3772 Nescio
526 3714 604 3792 quis:
628 3712 725 3774 subito
747 3712 805 3773 lilia
828 3712 917 3774 llaoca
941 3714 1045 3774 iacent.

182 3883 237 3933 121.
266 3884 326 3932 lloe
352 3883 438 3948 epigr.
459 3882 493 3932 ad
516 3897 635 3948 pugnam
654 3882 865 3935 Cremonensem
889 3883 1063 3934 referendum
1087 3899 1147 3934 esso
1171 3900 1266 3935 versus
1288 3885 1326 3934 12.
1340 3900 1400 3950 sqq.

112 3969 255 4020 ostendere
274 3968 411 4018 videntur.
464 3966 815 4032 ¹llorot.ort.poet.139.
868 3966 981 4034 ²einn.]
1000 3970 1210 4034 pretiosissimo.
1270 3967 1341 4035 olus]
1361 3971 1402 4020 vi·

111 4056 222 4106 lissima·
236 4069 362 4103 eunome.
411 4050 432 4085 ¹⁰
450 4058 490 4103 tot
541 4050 654 4118 Allobr]
667 4053 709 4104 Ad
721 4052 787 4103 Iulii
800 4052 919 4104 Coesoris
932 4059 1057 4120 tempora
1070 4055 1222 4106 adscendit.
1270 4053 1291 4087 ¹²
1306 4051 1400 4119 uenit]

114 4141 150 4192 el.
165 4141 199 4191 ud
218 4139 305 4205 epigr.
322 4137 379 4188 loe.
393 4138 456 4189 adn.
510 4136 606 4204 Ligur]
626 4138 680 4189 Sed
698 4139 813 4189 Ianuom
832 4154 937 4205 quoque
958 4138 1017 4189 sero
1036 4156 1142 4190 omnem
1161 4142 1293 4192 amiserat
1311 4141 1400 4191 Ludo-

113 4228 190 4277 vicus
209 4241 234 4275 e.
250 4223 324 4276 1514.
389 4221 410 4255 ¹⁵
429 4221 532 4288 Caesar]
554 4224 570 4272 i.
586 4242 609 4274 e.
624 4225 761 4274 exereitus
781 4224 852 4288 eius,
872 4240 926 4275 non
946 4225 1014 4290 ipse.
1073 4222 1094 4256 ¹⁶
1111 4226 1181 4276 Hree
1200 4243 1254 4276 non
1273 4228 1313 4276 itu
1330 4226 1401 4276 boue

113 4311 277 4362 Noverienoi
295 4324 394 4374 pugnae
414 4310 595 4371 conveniunt,
621 4309 649 4358 in
669 4324 722 4373 qua
740 4326 789 4375 per
807 4310 899 4375 plures
916 4310 999 4360 boras
1018 4311 1138 4360 maxima
1155 4312 1297 4377 utriusque
1314 4311 1402 4377 pertis

114 4395 192 4445 clade
211 4399 361 4461 pugnatum
381 4410 441 4444 esse
461 4400 579 4445 constat.
634 4394 653 4427 ¹³
673 4396 758 4460 eoepit
776 4398 799 4446 1.

181 4480 237 4531 122.
268 4481 300 4530 in
319 4480 453 4546 Erpburd.
467 4480 591 4546 exemplo
604 4481 692 4546 Epist
706 4480 771 4530 ltel.
784 4480 853 4543 (lud.
868 4479 934 4529 bibl.
948 4479 995 4530 xl.
1008 4480 1045 4544 2.)
1065 4480 1116 4530 lroe
1135 4482 1221 4547 epigr.
1241 4482 1401 4547 inscriptum

114 4572 156 4616 est
174 4567 226 4616 ‘De
246 4565 335 4616 Gallis
354 4563 503 4631 Expellam)
562 4564 569 4596 ¹
590 4582 615 4616 a.
631 4564 704 4616 1512.
725 4564 839 4631 (Pugno
857 4565 982 4616 travena.
995 4566 1022 4615 et.
1037 4565 1076 4617 ll.
1089 4568 1153 4632 ilpr.
1168 4568 1314 4617 commissa
1334 4567 1400 4631 est.)

113 4648 189 4701 ⁸uer
208 4668 232 4701 a.
249 4650 322 4702 1513.
391 4648 401 4682 ⁴
420 4649 565 4702 Helvetios
583 4651 680 4717 proelio
698 4651 863 4702 Novarienei
883 4648 918 4713 (6.
932 4649 992 4701 lun.
1010 4651 1094 4716 1513.)
1114 4652 1209 4703 Gallos
1227 4653 1402 4718 Venetosque

112 4737 216 4789 fouisse
235 4752 288 4811 non
306 4742 391 4803 negot
409 4741 501 4802 poeta.
