3294 5408
547 402 651 438 auum
664 403 727 439 vul.
744 401 782 437 An
794 402 926 438 ananau!
938 401 1057 438 neberti.

333 613 336 616 .
363 558 509 620 Promissa
534 557 672 636 capiebar
694 576 764 637 ope,
787 557 946 635 instigabar
967 576 1069 618 amere
1094 586 1096 591 v

428 714 430 718 Α
448 662 540 734 Quem
564 662 661 738 gravis
682 662 711 720 in
735 659 813 720 vultu
836 659 964 738 praetulit
986 659 1033 720 ille
1055 678 1119 720 suo.

363 763 499 826 Nondum
523 770 622 823 certus
644 780 725 823 eram
748 760 1047 841 lamaetexemploque
1070 763 1197 839 peritus,

312 889 338 928 aa
445 865 506 926 Nec
528 865 578 944 qui
600 882 647 924 me
669 864 725 924 lida
748 871 845 925 mente
868 872 1002 925 moneret
1024 870 1101 924 erat:

364 968 503 1028 dssuetas
525 968 614 1044 igitur
636 965 774 1045 paulatim
797 966 949 1027 intendere
972 965 1091 1027 fraudes

450 1069 556 1148 Cepit,
581 1075 608 1130 et
631 1070 683 1129 bas
705 1069 833 1147 primum
856 1066 1057 1129 dissimulabat
1078 1085 1165 1137 acus;

366 1171 474 1233 lteinde
497 1171 568 1232 nibil
590 1170 732 1231 simulans
754 1189 836 1250 spem
859 1170 1057 1232 frustrabatur
1079 1172 1212 1238 inanem,

314 1295 341 1335 aa
448 1273 508 1334 lam
531 1273 601 1334 nihil
625 1272 757 1334 occultos
778 1293 867 1335 ausus
889 1274 963 1334 inire
987 1272 1085 1335 dolus:

366 1376 466 1454 Siquid
489 1382 552 1438 erat
574 1394 633 1455 quo
655 1395 703 1436 mo
725 1384 838 1455 posset,
863 1374 940 1437 velut
961 1383 1044 1442 ante.
1068 1378 1184 1442 iurare,

450 1477 595 1539 Abstinuit
617 1478 713 1556 palam
737 1479 943 1539 commoditate
966 1496 1045 1545 mea:

366 1580 516 1642 difficilem
539 1599 689 1641 aceessum
712 1599 912 1660 responsaque
934 1581 1008 1641 diua
1031 1577 1175 1639 ferebam:

317 1706 343 1744 so
450 1683 580 1743 Sustinui
603 1682 705 1743 tumidi
727 1684 804 1743 iussa
828 1682 955 1761 superba
979 1683 1048 1751 viri,

370 1786 498 1846 Sustinui
520 1784 665 1846 archanus
687 1785 717 1844 in
739 1793 838 1845 nostra
862 1787 984 1862 negocia
1006 1785 1083 1845 risus

451 1887 487 1948 Et
510 1889 584 1965 caepi
606 1887 729 1948 inlectos
751 1886 933 1948 dissimulare
956 1889 1044 1947 iocos.

369 1990 452 2069 Sapo
475 1991 562 2051 etiam
585 1990 686 2053 nocuit
707 2007 851 2067 verasque
874 1990 1006 2050 exercuit
1027 1991 1103 2050 iras:

319 2113 345 2154 eo
452 2089 596 2161 Quaelibet
617 2091 686 2152 huic
708 2091 768 2152 odii
789 2109 848 2151 uon
869 2090 946 2152 mala
968 2109 1053 2152 causa
1077 2089 1146 2159 luit;

370 2192 502 2255 Prodidit
523 2193 659 2255 invidiam
681 2194 771 2254 iacies
794 2192 964 2272 vultumque
986 2195 1150 2261 sinistrum,

456 2295 492 2356 Et
515 2295 595 2356 ierus
617 2297 646 2356 iu
668 2302 751 2357 torvo
773 2295 881 2357 ferbuit
902 2315 954 2356 ore
977 2294 1069 2357 furor.

371 2398 434 2459 Una
456 2395 535 2458 salus
556 2397 661 2459 abiisse
683 2397 752 2467 luit,
765 2399 827 2461 ¹sed
850 2406 879 2459 et
900 2397 949 2459 ille
972 2397 1087 2459 vetabat

321 2522 346 2562 ea
454 2499 521 2561 lure
543 2517 612 2569 suo,
636 2507 668 2561 ut
689 2508 806 2579 sumpto
829 2500 945 2561 debitor
967 2518 1026 2562 ere
1048 2500 1105 2569 lni;

373 2602 456 2681 Saepe
478 2608 575 2662 emen
598 2604 726 2663 monitus
748 2603 866 2664 taudem
889 2603 1040 2665 discedere
1061 2602 1160 2679 iussit,
1185 2666 1188 2670 ,

456 2703 493 2763 Et
514 2710 615 2764 notum
638 2713 682 2766 est
703 2704 798 2765 abitns
820 2713 924 2783 sponte
946 2704 1046 2766 tulisse
1068 2722 1160 2766 meos.

374 2806 482 2867 Bruma
505 2807 560 2866 luit
581 2805 723 2886 solitoque
747 2808 838 2885 magis
860 2809 903 2868 vis
924 2807 1042 2885 trigoris
1063 2807 1182 2885 ingens,
1380 2799 1458 2878 ἷςξὲᾒῗ·

323 2929 348 2970 ce
460 2906 593 2987 Cogebar
615 2915 711 2969 tamen
735 2908 810 2969 banc
833 2912 1005 2971 coritinuare
1026 2911 1119 2976 viam;

376 3010 426 3071 Vix
449 3009 595 3071 modicum
619 3028 795 3089 progressus
818 3030 899 3073 eram
922 3029 1117 3091 campumque
1139 3010 1289 3081 tenebam,

459 3113 532 3173 Cum
552 3114 633 3174 sensi
655 3112 786 3174 occultos
809 3112 896 3175 rerba
920 3115 1009 3175 luisse
1031 3113 1129 3174 dolos:

376 3215 453 3276 Ecce
474 3221 566 3276 ruunt
587 3217 700 3294 equites
720 3217 887 3294 instantque
910 3215 1073 3277 minacibus
1095 3217 1199 3284 armis:
1223 3232 1231 3237 ·

328 3340 352 3379 n
459 3318 591 3378 Sumitur
614 3337 630 3378 e
651 3316 736 3378 nobis
758 3324 865 3396 quanta
887 3319 989 3396 rapine
1012 3319 1079 3387 luit,

377 3420 531 3498 Deripiunt
552 3426 698 3506 aestaset
720 3426 781 3480 toto
804 3438 929 3498 corpore
951 3420 1079 3490 nudant,

461 3520 559 3582 Turba
582 3519 653 3581 nibil
675 3521 795 3582 morbos
817 3524 1020 3585 commiserata
1042 3540 1134 3585 meos.

378 3624 507 3684 iusserat
528 3624 585 3687 boc
607 3621 726 3684 sceleris
748 3633 931 3686 commentor
944 3626 1071 3687 'Lossius
1093 3625 1196 3693 buius.
1367 3619 1462 3708 llssgllf

328 3745 353 3785 re
460 3725 602 3797 Iusserat,
626 3733 655 3787 et
677 3727 740 3788 lieri
762 3727 841 3805 quod
864 3727 946 3789 iubet
967 3727 1015 3789 illc
1053 3727 1153 3798 decet,

379 3827 510 3906 Utraque
531 3830 596 3889 iura
619 3830 744 3896 ducens,
768 3837 797 3890 et
820 3837 899 3890 tanto
922 3829 1042 3892 corisule
1065 3836 1160 3892 uatus.

465 3929 622 3991 Ostendam
644 3936 742 3992 tarnm
765 3930 822 3992 bec
844 3949 902 3992 raon
925 3932 1057 3994 decuisse
1079 3931 1189 3994 scelus:

243 4084 268 4120 ⁴¹
284 4084 391 4148 raplebm
405 4086 428 4133 1.
446 4085 494 4134 aed
504 4098 540 4134 ex
557 4072 568 4136 t
583 4084 701 4146 fecerunt
718 4099 732 4137 r
750 4074 823 4138 Halt.
838 4091 862 4135 et
880 4091 938 4136 vett.
951 4102 983 4136 m.
1033 4083 1056 4118 ⁴⁸
1074 4085 1139 4137 Sero
1157 4090 1242 4153 ltaque
1260 4089 1351 4136 monuit
1365 4083 1464 4135 Uirieua

174 4173 323 4224 Μωωυίω.
340 4171 375 4234 cs.
394 4168 435 4219 tib.
454 4168 478 4219 1.
490 4173 555 4234 clep.
568 4173 591 4220 S.
661 4167 682 4201 ⁵⁸
708 4169 829 4233 „Palam
853 4171 881 4220 iu
907 4172 997 4236 prima
1023 4171 1133 4235 syllaba
1160 4171 1277 4237 produxi
1303 4184 1392 4234 neque
1415 4184 1465 4234 per

173 4255 356 4323 ipuormtiam
374 4269 462 4320 neque
481 4270 531 4320 per
548 4254 743 4320 negligentiam
761 4256 809 4306 sed
828 4256 944 4307 confisus
962 4252 1111 4306 autoritate
1124 4256 1259 4306 illarciani
1272 4254 1391 4321 Capellae
1408 4252 1464 4302 cla-

175 4340 258 4393 rittr’
277 4342 303 4392 in
320 4356 400 4405 usurp.
413 4357 456 4392 ea.
469 4356 499 4393 m.
513 4341 669 4404 adscriptae
686 4347 738 4402 eat,
757 4348 781 4390 et
799 4344 913 4392 similiter
930 4341 1100 4392 Londioeast’a
1114 4341 1423 4406 (treptia-teatensem,-
1439 4340 1465 4389 in

174 4426 290 4478 ambae
301 4432 383 4477 aetem
395 4442 445 4477 non
457 4429 538 4477 nultus
550 4428 649 4477 laterae
666 4425 801 4491 bibliopepi
816 4432 896 4477 culter
908 4425 1023 4476 abscidit.
1042 4426 1176 4488 (Fortasse
1188 4426 1298 4490 quidam
1311 4424 1466 4490 Philopom·

176 4527 231 4578 pus
247 4512 304 4562 nac
321 4512 481 4562 motmunt
497 4514 655 4563 occasionem
672 4512 801 4575 ἀειὶοῑαῑ.)
857 4509 879 4542 ⁵¹
897 4525 1001 4560 arcana
1019 4513 1077 4560 m.
1136 4512 1250 4575 negotia
1269 4513 1328 4562 23.
1385 4507 1408 4543 ⁸⁸
1425 4510 1465 4559 iu·

177 4597 270 4647 laetos
294 4593 370 4662 dina]
394 4598 430 4648 ad
452 4600 558 4648 eninm
581 4613 630 4648 noa
653 4599 788 4647 aduertere
810 4598 924 4658 inficetas
945 4597 1023 4646 iocos.
1093 4594 1115 4628 ⁶⁰
1133 4593 1253 4647 nectite
1273 4600 1296 4647 1.
1365 4593 1387 4628 ⁸¹
1405 4592 1462 4660 ore]

178 4687 229 4732 aet.
248 4697 279 4731 ae.
298 4697 342 4733 ea.
361 4685 410 4733 arei
426 4685 462 4732 nd
476 4700 556 4748 marp.
575 4685 662 4734 adeor.
682 4698 745 4737 mre,
765 4682 832 4747 qaod
853 4683 888 4731 ad
904 4699 927 4731 v.
946 4697 992 4732 ore
1015 4696 1103 4731 uerear
1125 4683 1166 4731 ⁶4.
1185 4680 1377 4731 caedendus·
1400 4687 1466 4731 erut.

180 4763 204 4797 ‘⁴
220 4767 669 4820 m1.eedHatt.etoett.m.oerc
688 4783 757 4819 corr.
801 4765 916 4820 “tameat
928 4769 954 4817 1.
998 4765 1020 4800 ⁸³
1032 4766 1069 4819 cl.
1082 4765 1153 4833 eleg.
1167 4766 1188 4818 1.
1203 4765 1227 4817 l.
1240 4767 1301 4818 init.
1345 4763 1428 4832 πω.
1442 4768 1465 4817 1.
