3294 5408
86 410 258 445 nuzvnnnun
274 408 376 443 BYZBM
390 408 550 443 untvttrrtvs
565 408 703 442 onerosis
717 408 857 442 BEVCHLIN
872 409 894 442 S.
904 408 1117 443 incestuosorum
1131 409 1284 444 ENCOHION.
1304 380 1375 449 “1⁴¹¹

289 564 392 623 Vivere
415 580 503 640 quem
520 560 612 621 nolint
635 580 754 630 omnes,
779 580 866 641 quem
890 564 987 622 rivere
1009 561 1090 623 sotus

239 687 278 726 sio
292 665 441 727 Hactenus
461 664 541 725 haud
564 662 636 723 notit
658 664 790 742 Capnion
814 671 843 722 et
864 663 992 739 gaudeat
1014 682 1092 724 unus

291 768 349 828 isto
371 768 442 828 inne
465 765 555 834 trabi,
579 772 667 844 atque
690 766 758 826 istas
781 765 918 826 mordere
941 765 1089 826 catbcnas.

356 868 439 929 Dicat
460 868 507 937 lo,
531 869 554 927 si
577 885 609 928 se
633 867 712 926 novit
734 867 906 935 Germania,
929 867 1022 936 dieat,
1230 867 1380 971 pmffiq?

290 972 414 1050 Quoque
437 970 514 1031 videt
536 970 658 1048 propius
681 968 772 1028 festos
794 968 936 1030 accedere
960 987 1082 1041 currus,
1231 953 1347 996 ‘⁶⁸¹'¹“⁰¹¹³‘

289 1073 352 1133 Hoc
374 1073 468 1149 tnagis
489 1072 651 1148 ingeminet
674 1071 720 1131 bis
742 1069 789 1138 lo,
814 1069 859 1131 bis
881 1071 972 1150 loque
995 1073 1138 1132 sonando.

240 1193 278 1234 ers
293 1176 329 1235 dt
351 1175 482 1252 quisquis
505 1172 643 1234 clamabit
665 1173 696 1233 lo
719 1191 850 1240 mecum,
874 1172 931 1233 hoe
953 1180 1020 1250 aget
1044 1192 1148 1242 unum,

289 1274 496 1353 Puliatumque
518 1295 640 1354 gregem
662 1283 816 1354 captorum
839 1281 869 1335 et
890 1276 994 1335 inertia
1016 1275 1154 1337 Fratrum

290 1378 414 1457 Agmina
437 1377 525 1438 missa
547 1376 643 1439 libens
665 1378 766 1447 saciat,
790 1394 846 1437 nec
868 1383 982 1453 spectet
1004 1385 1107 1438 euntes

292 1478 373 1542 Ultra
397 1481 536 1558 ipsosque
559 1479 665 1548 duces,
689 1485 718 1539 et
740 1478 837 1538 adime
859 1479 921 1538 sine
944 1480 1063 1540 nomine
1086 1479 1190 1558 vuigns

291 1581 478 1661 Numinaque
501 1588 530 1642 et
551 1580 644 1658 spolia
668 1586 696 1641 et
719 1582 860 1640 cessantia
883 1580 1000 1641 deserat
1022 1600 1118 1651 arma,

239 1704 277 1744 eso
292 1682 418 1744 FercuIa
441 1681 520 1744 nuda
543 1681 636 1744 oeulis
658 1682 759 1750 obeat,
784 1701 838 1742 nec
861 1683 970 1760 cogitet
991 1682 1084 1751 ultra.

291 1786 357 1846 Sint
379 1805 413 1847 ea
435 1793 518 1862 grata
542 1783 626 1855 lieet,
650 1802 834 1863 quaecunque
857 1784 1036 1846 occumbere
1059 1787 1128 1846 iussi

291 1889 426 1949 Amisere
449 1887 564 1955 hostes,
588 1885 651 1946 solo
676 1888 704 1946 in
728 1886 878 1965 Capuione
901 1894 1048 1957 moretur,

291 1989 375 2051 Hune
398 1989 505 2058 cerdis,
529 1989 609 2049 hmrc
631 1995 729 2049 mente
753 1991 846 2049 virum
869 1995 965 2064 gerat,
990 1987 1067 2049 iiiius
1088 1990 1175 2048 istum

291 2092 345 2153 Det
368 2091 558 2171 celebretque
581 2091 658 2152 diem
680 2092 806 2151 fortunae
830 2098 859 2150 et
882 2090 999 2151 casibus
1027 2092 1128 2169 eequis.

238 2214 276 2254 aas
292 2194 416 2255 Ventum
440 2200 485 2254 est
507 2194 542 2255 ad
567 2211 688 2253 currus:
711 2194 750 2253 ita
773 2212 828 2254 uos
851 2193 1009 2253 senissima
1032 2193 1140 2253 frustra

290 2296 448 2358 Detinuere
470 2297 520 2357 diu
542 2295 630 2357 turba
653 2295 819 2374 spectacula
842 2295 946 2355 inanis.

353 2398 505 2468 binatio,
528 2399 551 2458 si
574 2416 607 2458 se
629 2399 708 2458 norit
730 2397 903 2466 Germania,
927 2397 1015 2457 dicat.

290 2501 359 2561 Haec
381 2508 514 2561 armenta
536 2507 624 2580 atque
646 2500 701 2559 bos
723 2507 842 2560 auratos
865 2517 977 2560 cornua
1000 2506 1116 2565 tauros,
1265 2501 1377 2586 iffi*

291 2604 423 2682 Corpora
445 2600 536 2671 lecta,
560 2602 642 2662 iubet
664 2620 763 2663 sacras
786 2601 840 2663 sibi
864 2603 956 2663 victor
978 2602 1014 2662 ad
1037 2620 1120 2671 aras,

238 2723 279 2766 seo
293 2705 356 2764 Voti
379 2721 513 2782 compos,
537 2705 602 2781 agi:
626 2705 741 2783 superis
764 2722 797 2764 ea
821 2705 935 2764 victima
958 2703 1038 2764 saluo

289 2807 348 2867 l'ro
371 2805 520 2884 Gapnionc
543 2806 637 2868 cadet.
667 2807 800 2885 sequitur
823 2806 935 2866 iactura
958 2806 1054 2865 ruenti
1219 2804 1377 2882 ffiuffgefifg'f‘t

291 2908 432 2969 Laetitiam
456 2907 565 2988 populo
588 2908 679 2969 Musis
702 2908 867 2986 gratissima
890 2905 991 2974 turba;

291 3009 436 3071 Omnibus
459 3009 594 3070 unicolor
618 3012 714 3071 tunica
738 3017 782 3071 est
805 3016 834 3071 et
856 3008 978 3070 candida
1003 3011 1105 3078 vestis,

289 3114 373 3172 Serta
396 3120 504 3188 gerunt
526 3113 622 3189 capite
645 3120 674 3173 et
695 3132 785 3173 nexas
808 3133 824 3172 e
847 3111 952 3171 incude
975 3129 1100 3172 coronas

238 3234 277 3275 ecs
292 3213 437 3294 Populea,
461 3215 644 3294 tenduntque
667 3234 756 3275 manu
780 3214 945 3275 frondentia
968 3213 1072 3292 palmeo

291 3317 424 3377 Victricis
447 3316 513 3376 folia
537 3335 733 3395 sparsmnqne
757 3319 785 3376 in
809 3318 926 3376 termite
948 3315 1092 3383 fructum;

290 3419 362 3480 Pars
385 3418 513 3489 eitimra,
538 3437 608 3499 pars
630 3437 702 3479 voce
725 3426 849 3488 canunt,
874 3436 944 3496 pars
967 3435 1077 3479 cornua
1101 3437 1190 3479 rauco

291 3519 416 3598 implent
437 3539 527 3581 crrrva
552 3539 642 3590 sono,
667 3521 796 3600 perdant
816 3519 936 3581 tibicine
960 3521 1064 3588 mixto,

289 3621 341 3683 lde
364 3620 465 3692 tubas,
490 3621 564 3684 alius
586 3623 695 3702 triplici
718 3630 829 3683 tortum
853 3622 957 3683 ordine
981 3623 1111 3689 circum;
1200 3671 1202 3676 .

238 3745 277 3785 ero
291 3726 366 3784 Sunt
388 3725 438 3803 qui
460 3723 508 3784 fita
530 3723 616 3810 ipre,
637 3733 706 3786 sunt
728 3727 779 3803 qui
803 3724 958 3786 testudinis
980 3723 1087 3803 amplae

289 3826 508 3902 Transadigunt
530 3845 637 3886 nemos
659 3827 755 3903 digitis
778 3826 964 3905 chordasque
987 3834 1155 3904 pererrant,

288 3927 425 3988 barbitos
447 3928 517 3988 buic
539 3926 656 3997 didces,
681 3929 749 3989 buic
772 3929 822 3987 dat
844 3947 896 3988 sua
920 3928 988 3989 tibia
1012 3927 1113 3997 ludos,

290 4030 365 4089 Huic
387 4028 522 4107 putsam·
545 4028 634 4104 cbur,
657 4039 742 4091 sonat
763 4031 834 4090 buic
857 4031 912 4089 cita
936 4032 1052 4109 pectine
1076 4030 1185 4096 buxus,

289 4131 428 4191 Ferratus
451 4132 519 4192 ierit
540 4132 589 4192 bic
611 4139 724 4202 crates,
748 4131 796 4192 ide
819 4132 923 4192 ordine
946 4134 1061 4193 iunctos

192 4244 195 4249 ’
238 4255 276 4292 sas
292 4232 374 4291 Folio
397 4237 503 4310 premit
526 4233 656 4294 calamos
679 4241 797 4312 tresque
822 4232 899 4294 elicit
922 4236 1030 4313 impete
1053 4252 1139 4293 noces

289 4334 425 4396 Diversas
449 4354 523 4402 uuo;
547 4344 616 4396 sunt
639 4345 668 4396 et
690 4335 865 4414 Corybantia
889 4337 990 4395 matris

153 4588 185 4621 ⁸²¹
206 4593 322 4639 eotenus
341 4593 414 4640 3...5.
476 4588 509 4622 ⁸¹²
527 4591 614 4640 Dicas
632 4594 657 4640 2.
721 4588 787 4640 ⁵⁰⁴e
806 4594 875 4638 orob.
891 4593 918 4639 3.
926 4591 950 4637 4.
960 4593 982 4637 7.
1001 4589 1066 4637 unde
1087 4589 1207 4649 „Hiatus
1227 4593 1269 4638 est
1287 4593 1379 4639 metri-

86 4689 135 4722 cus
154 4672 182 4738 [i.
197 4692 221 4723 e.
236 4675 330 4739 eapite
350 4672 390 4739 et]
411 4675 460 4724 sod
479 4676 561 4724 nimis
579 4677 729 4724 irrsuetus”.
751 4676 874 4724 Cleriotius
886 4677 931 4739 qui
942 4690 990 4724 non
1009 4675 1059 4722 nisi
1076 4676 1101 4722 3.
1121 4674 1156 4721 od
1177 4688 1263 4722 manus
1281 4675 1375 4724 babent.

85 4757 119 4790 ⁸⁶⁵
138 4757 215 4824 solia]
235 4760 324 4824 spolia
343 4761 403 4821 7.(!)
457 4760 573 4809 termine
593 4760 654 4822 7.(!)
708 4758 824 4822 cytimro
845 4761 939 4808 3.d.7.
992 4756 1025 4789 ‘¹²
1044 4757 1180 4806 Bnrbetos
1198 4760 1257 4809 edd.
