3294 5408
45 452 66 489 Ι

276 419 399 459 struunt
413 421 443 459 Ill
456 421 653 460 ΕΧΟΙΡΤΙΟΝΕΠ
666 421 853 460 10999719Δί
864 422 987 460 ALBEMI
1001 422 1208 463 PANRGYBIGV&
1317 395 1390 469 381

300 579 420 640 eadere
442 577 518 640 colla
541 579 664 651 ducum,
690 579 785 640 lasces
807 578 980 641 submittere
1003 597 1097 659 poenae

296 680 333 741 Et
355 682 466 741 sonteis
488 683 594 759 punire
616 700 698 751 reos,
722 679 855 760 solioque
877 689 1040 742 retractum

297 782 485 852 Pontificem,
508 784 647 861 Patrique
669 781 750 853 loco,
775 782 911 844 discorde
934 782 1051 860 relegas

296 883 320 943 Α
342 886 446 963 patria.
484 884 593 946 Verum
617 882 674 945 alta
697 884 775 944 domi
798 892 903 963 perte
926 887 1020 946 excita
1043 886 1135 946 virtus

244 1004 283 1046 sio
297 987 429 1048 Saxones
451 985 562 1047 extollit
585 1004 742 1064 proceres,
768 988 823 1046 iam
847 994 981 1064 tempore
1003 985 1041 1047 ab
1063 985 1113 1047 illo

294 1089 420 1149 Laetatos
442 1106 535 1167 genus
558 1106 621 1149 esse
645 1095 745 1157 tuum,
769 1107 824 1148 nec
847 1090 967 1165 segnior
989 1089 1096 1157 armis,
1255 1088 1390 1167 ffiqffgjffl·

297 1190 419 1267 lugenio
443 1189 548 1251 melior
569 1198 674 1270 regnat
696 1197 744 1250 tna
768 1193 847 1267 regia
872 1190 970 1268 proles

296 1293 353 1353 Per
376 1294 472 1354 varios
494 1311 595 1354 casus:
619 1293 713 1371 prima
737 1291 805 1353 huie
829 1293 949 1353 victoria
972 1292 1050 1353 cedit

297 1394 330 1454 ln
353 1395 549 1455 sarracenam
572 1393 686 1456 rabiem
708 1394 904 1473 Maurumque
928 1394 1074 1462 furorem:

246 1518 284 1559 aas
300 1498 412 1557 Graeeia
435 1496 543 1558 debinc
565 1499 639 1558 vieta
662 1503 721 1567 est,
744 1498 852 1556 iterum
875 1496 925 1556 dat
946 1495 1037 1557 Gallia
1061 1496 1201 1575 palmam.

299 1597 373 1657 lium
398 1616 481 1659 versa
505 1607 549 1659 est
572 1600 688 1659 lortuna
711 1605 809 1666 retro,
833 1616 899 1677 quae
920 1606 998 1659 tanta
1022 1607 1144 1677 repente

298 1699 405 1760 lnrasit
428 1698 544 1761 clades?
566 1718 670 1778 sparso
692 1700 769 1778 iugis
791 1699 893 1760 obvius
916 1700 993 1760 besti

299 1800 388 1860 Solus
410 1809 439 1861 et
461 1802 490 1860 in
513 1800 611 1862 lacera
635 1808 731 1862 tecum
756 1800 837 1861 vebis
860 1803 958 1861 omnia
982 1801 1100 1882 cymba,

294 1903 433 1981 Magnum
456 1904 602 1971 animum;
626 1903 680 1964 sed
703 1905 754 1981 qui
776 1903 895 1980 prendit
916 1921 976 1962 uon
999 1904 1093 1964 eredit
1115 1903 1281 1966 Othonem:

244 2025 284 2065 aaa
298 2003 361 2065 lloc
376 2003 429 2065 tibi
444 2003 543 2083 lingua
559 2005 653 2074 dedit,
670 2024 767 2083 neque
783 2005 863 2065 enirn
878 2005 961 2083 prins
976 2023 1028 2066 ore
1044 2002 1175 2066 locutum
1252 2004 1392 2087 ffilgsslqgrg

297 2107 441 2168 Audivere
464 2126 518 2168 suo
541 2107 622 2167 Graii
644 2107 805 2185 perfectius
828 2104 920 2167 ullum

298 2206 351 2269 Cui
373 2209 497 2287 patriam
520 2207 640 2270 boreale
664 2208 731 2286 gelu
753 2208 935 2286 Rhenusque
958 2209 1096 2278 dedisset,

297 2309 358 2370 Nec
380 2309 580 2372 Beneventani
602 2319 701 2371 manet
723 2312 865 2388 impunita
888 2311 1001 2371 timoris

299 2412 466 2480 Pernicies,
490 2421 637 2492 autorque
659 2414 736 2490 lagae
758 2414 840 2474 terro
863 2413 929 2491 igne
953 2414 1061 2490 petitus
1116 2487 1123 2497 ⁶

245 2534 282 2574 ssa
297 2513 352 2574 Dat
373 2532 499 2593 poenam.
545 2515 626 2576 Latio
648 2523 716 2595 post
738 2514 817 2575 bunc
840 2513 973 2575 sublimis
995 2516 1024 2575 in
1048 2521 1128 2576 ostro
1284 2514 1386 2595 3323&

297 2617 415 2677 Tertius
437 2616 521 2677 ardet
543 2617 620 2677 Otho
644 2623 673 2677 et
695 2619 825 2677 cinctum
847 2615 1012 2677 diademate
1035 2614 1117 2695 largo

297 2718 431 2780 Ostentut
452 2717 552 2796 regale
575 2727 679 2797 eaput,
703 2720 751 2779 coi
773 2719 898 2779 maxima
922 2725 1021 2795 posset

296 2819 448 2899 Regnandi
472 2821 563 2881 virtus
587 2819 691 2889 tribui,
715 2822 769 2880 nisi
791 2826 872 2880 tanta
894 2818 1030 2880 tulissent

162 3073 195 3106 ⁸³⁴
214 3073 319 3125 Cedere
338 3077 397 3126 edd.
448 3073 482 3107 ⁸¹⁸
500 3071 676 3141 Pontificem]
696 3074 877 3124 Benedictum
895 3075 938 3136 V.,
952 3089 1032 3139 quem
1050 3074 1184 3125 defuneto
1201 3077 1307 3127 Ioanne
1326 3077 1390 3128 ΧΠ.

94 3158 214 3210 Romani
231 3160 286 3209 sibi
305 3159 462 3225 elegeraut,
482 3174 575 3210 seeum
593 3161 622 3208 in
642 3160 819 3209 Germaniam
838 3159 917 3208 duxit
935 3159 1014 3221 Otto,
1034 3159 1083 3209 ubi
1101 3164 1222 3211 mortuns
1241 3167 1284 3212 est
1300 3161 1390 3211 medlo

95 3249 226 3310 sequente
247 3259 318 3294 anno
335 3243 396 3294 bno.
408 3245 572 3310 Hamburgi.
634 3241 666 3276 ⁸⁴¹
686 3244 753 3294 Otto
772 3244 816 3306 11.‚
831 3243 942 3293 Ottonis
960 3246 1042 3309 primi
1061 3260 1093 3293 ex
1110 3243 1263 3297 Adelheide
1280 3246 1390 3297 Rauola

59 3345 60 3349 ¹
95 3328 129 3378 ΙΙ.
143 3329 311 3395 Burgundios
325 3330 400 3395 regis
412 3329 484 3390 filia,
504 3329 786 3380 Lethariill.1taliae
806 3329 880 3394 regis
897 3328 981 3378 vidua
999 3328 1098 3378 tertius
1116 3327 1199 3393 lilius,
1218 3335 1276 3381 nat.
1290 3346 1316 3381 a.
1329 3328 1389 3381 aaa.

94 3414 205 3478 parenti
223 3415 359 3464 suecessit
378 3430 402 3464 a.
415 3412 474 3465 973.
489 3412 613 3479 †Romre
633 3431 658 3464 a.
671 3413 731 3465 983.
778 3411 811 3445 ⁸⁴³
829 3414 896 3463 Post
915 3412 973 3463 alia
990 3413 1065 3462 bella
1077 3414 1106 3462 in
1120 3414 1278 3477 Germania,
1296 3415 1391 3466 Dania

95 3496 189 3560 ltalia,
203 3498 298 3549 Gallia
310 3514 365 3548 non
377 3499 438 3549 aine
452 3498 542 3563 gloria
555 3505 635 3564 gesta
649 3500 715 3548 Otto
730 3514 755 3549 a.
768 3496 828 3548 982.
842 3496 970 3562 Apuliam
984 3496 1201 3562 Calabriamque
1215 3499 1321 3550 Graecis
1333 3514 1391 3550 ere-

94 3587 192 3649 pturus
215 3582 266 3632 hos
289 3583 451 3635 coniunctos
477 3584 505 3633 in
530 3583 663 3634 auxilinm
685 3584 795 3633 voeatis
818 3583 967 3633 Saracenis
990 3583 1106 3648 primam
1128 3598 1214 3650 prope
1238 3584 1391 3635 Tarentum

96 3668 176 3727 ludit,
195 3667 295 3718 deinde
308 3684 373 3719 vero
387 3684 404 3718 a
416 3669 565 3719 Saracenis
583 3669 679 3734 praelio
692 3669 781 3718 vietus
794 3668 927 3718 Italorum
940 3667 1057 3732 perfidia
1069 3670 1182 3735 fugatus
1194 3683 1257 3720 eum
1269 3668 1391 3719 natando

95 3751 213 3804 salutem
232 3759 382 3817 quaereret,
407 3770 424 3803 a
442 3755 534 3804 nantis
554 3760 660 3818 eaptus,
680 3754 729 3804 sed
748 3753 783 3802 ab
803 3753 907 3802 eisdem
925 3755 1118 3818 imperatorem
1137 3754 1244 3820 cepisse
1262 3755 1390 3805 nescien-

95 3837 171 3888 tibus
194 3839 352 3903 redemptus
378 3844 429 3888 est.
500 3835 535 3871 ⁸⁴⁴
558 3838 728 3889 Saracenam
747 3840 771 3887 6.
825 3835 859 3870 ⁸⁸⁵
878 3836 922 3886 Cl.
937 3838 1057 3887 d'aucter.
1071 3838 1108 3888 11.
1123 3837 1171 3890 iol.
1187 3836 1245 3889 143.
1265 3838 1351 3890 Strav.
1371 3839 1390 3890 1.

96 3938 120 3972 e.
139 3925 168 3972 in
185 3924 235 3974 vit.
249 3922 345 3973 Otton.
359 3924 395 3973 11.
409 3925 433 3984 §-
448 3939 487 3974 vr.
558 3925 588 3973 it.
602 3924 659 3974 dat.
674 3922 767 3973 Gallia
785 3919 822 3988 p.]
842 3922 1005 3973 Lotharium
1023 3923 1193 3974 Francorum
1210 3939 1320 3989 regem,
1344 3925 1391 3989 qni

96 4006 226 4057 Ottonem
239 4008 268 4056 in
285 4009 346 4073 ipso
363 4024 412 4059 suo
430 4007 536 4073 palatio
548 4009 768 4074 Aquisgranensi
787 4023 812 4057 a.
826 4007 884 4057 977.
899 4007 958 4056 lere
977 4012 1105 4074 ceperat,
1125 4013 1294 4074 congregata
1313 4022 1391 4058 exer·

96 4091 155 4141 citu
173 4092 325 4157 imperator
347 4093 382 4143 ad
400 4093 524 4143 Parisios
546 4107 632 4158 usque
655 4098 818 4158 prosecutus
842 4096 899 4154 est,
923 4093 1040 4143 reditum
1063 4098 1156 4143 autem
1181 4108 1242 4143 eum
1266 4094 1392 4143 exercitu

95 4191 192 4241 parum
211 4176 323 4228 felicem
340 4177 453 4235 habuit,
477 4178 549 4227 unde
572 4178 701 4242 sequenti
720 4193 791 4228 anuo
810 4177 932 4228 Galliam
950 4179 1049 4227 iterum
1073 4177 1177 4228 invasit
1194 4190 1342 4241 regemque
1360 4176 1391 4226 in

97 4261 190 4311 Remis
203 4262 416 4329 Lotharingiam
435 4263 564 4313 abiurare
583 4265 677 4328 coegit
695 4278 720 4313 a.
733 4262 792 4313 989.
814 4264 851 4312 et.
865 4262 951 4312 Seruo.
965 4262 982 4312 l.
997 4278 1021 4311 c.
1036 4278 1060 4312 e.
1075 4277 1101 4312 v.
1152 4260 1186 4295 ⁸⁵⁸
1204 4261 1243 4312 Ut
1261 4261 1297 4311 ab
1309 4260 1391 4312 Italis

96 4346 258 4412 Graecisque
282 4348 338 4397 sibi
360 4347 428 4397 data
450 4348 552 4397 damna
569 4348 739 4413 iniuriasque
758 4347 952 4408 ulcisceretur,
976 4347 1168 4396 Beneventum
1191 4345 1287 4396 eodem
1306 4360 1388 4409 anno,

94 4445 150 4496 quo
169 4437 286 4482 exeunte
305 4436 427 4483 mortuus
446 4436 495 4492 est,
516 4439 627 4498 captum
645 4432 781 4482 militibus
800 4434 857 4482 suis
875 4431 1060 4497 diripiendam
1077 4431 1210 4497 permisit
1272 4428 1305 4462 ⁸⁶⁵
1323 4430 1391 4481 Otto

95 4516 146 4566 111.
159 4516 271 4567 Ottouis
288 4518 323 4569 11.
338 4534 371 4569 ex
388 4517 573 4583 Theophanis
596 4517 693 4567 unicus
718 4516 791 4566 lilius
814 4522 872 4567 nat.
887 4514 1093 4567 aosouomae
1118 4530 1247 4566 eoronam
1265 4515 1329 4580 imp.
1343 4530 1389 4566 ac·

95 4601 171 4666 cepit
189 4617 215 4651 a.
228 4600 297 4665 999,
317 4601 495 4668 †a.1002.a
513 4603 695 4667 benignitate,
715 4600 896 4661 liberalitate,
916 4601 1033 4664 iustitia,
1053 4601 1174 4651 moribus
1192 4600 1318 4651 omnibus
1336 4614 1389 4651 nee

92 4701 151 4737 non
169 4686 257 4736 forma
276 4686 496 4749 laudatissimus,
521 4687 592 4749 „sub
617 4688 694 4737 euius
719 4688 853 4752 regimine
876 4685 952 4737 salus
976 4686 1030 4736 luit
1052 4685 1151 4736 mundo
1169 4691 1199 4736 et
1217 4684 1334 4753 gloria”,
1358 4690 1389 4736 ut

96 4771 178 4837 Hugo
197 4770 421 4823 Flaviniaeensis
438 4772 559 4838 scripsit.
580 4771 623 4821 cf.
637 4772 691 4824 vol.
704 4771 736 4822 V.
749 4789 776 4838 p.
789 4770 849 4824 397.
