3294 5408
270 365 340 434 ¹70
366 394 483 429 natitant
498 395 532 428 1111
547 394 637 429 BELLO
652 395 727 429 SVSC.
739 395 802 430 inv.
814 396 914 430 vatent.
926 397 959 429 ΕΤ
974 397 1079 431 Tvttcnts
1094 396 1197 431 olineto
1211 397 1341 431 unxisttti.
1354 397 1418 433 AVG.
1430 399 1524 433 DICTA.

261 555 357 627 fadus
378 570 412 610 ac
426 555 579 610 societatem
595 555 772 609 coniunxisse
786 570 847 609 cnm
867 553 1096 609 christianissimo
1118 562 1211 609 nostro
1227 555 1404 611 Francorum
1421 556 1507 628 lleqe,
1532 564 1561 611 nt

264 640 361 695 trellum
376 640 511 694 adversvs
526 638 676 694 Christiani
695 642 810 694 nominis
830 639 919 694 nostes
938 639 1045 694 Turcas
1058 645 1211 711 pareretur,
1233 641 1261 693 in
1279 630 1454 712 quiquidem
1471 644 1559 697 socie-

264 731 318 781 tate
331 725 518 780 sanctissimus
533 724 658 779 dominus
671 732 764 779 noster
775 723 865 779 Iulius
878 724 1008 796 pontifex
1021 727 1160 779 maximas
1176 730 1201 778 et
1212 725 1370 796 Araqonnm
1384 725 1449 781 lleic
1463 727 1558 782 catho-

264 812 333 866 licus
353 809 462 864 includi
472 811 553 864 etium
567 811 726 878 voluerunt,
749 811 914 864 conscientia
937 809 1095 864 delictorum
1112 825 1147 863 oc
1166 810 1254 881 furiis
1272 812 1389 881 epitatus
1404 813 1559 867 exercitum

263 912 348 967 qnam
362 896 514 950 maximum
526 894 623 965 potuit,
635 897 814 965 comparavit,
830 901 856 947 et
868 893 1100 949 Christianissimo
1115 901 1209 949 nostro
1220 895 1398 950 Francorum
1410 895 1484 967 Reqi
1495 912 1580 952 cums

263 982 401 1036 sociorum
416 979 583 1035 exercitibus
602 994 633 1033 se
652 981 818 1051 coninnqere
835 982 1002 1049 properanti
1020 982 1047 1033 in
1068 982 1133 1050 ripa
1151 981 1273 1050 fluminis
1287 979 1391 1034 Abduoe
1411 987 1492 1036 totum
1508 998 1557 1052 op·

208 1069 423 1138 §.aporiavit
455 1062 500 1120 toi·
512 1062 575 1136 fusi
593 1079 627 1118 ac
644 1065 787 1136 profliqnti
807 1063 951 1118 Venetiani
963 1063 1107 1119 Palaviinn
1131 1064 1224 1119 urbem
1240 1080 1339 1136 maqno
1349 1066 1484 1137 proesi'dio
1498 1083 1557 1121 mn·

262 1153 387 1212 aierunt,
415 1166 499 1222 quam
522 1148 616 1204 urbem
637 1156 729 1204 vestra
752 1148 882 1204 casarea
903 1150 1031 1204 maiestas
1051 1148 1138 1204 liienie
1159 1153 1276 1204 instante
1296 1165 1351 1204 non
1374 1153 1559 1222 eapuqnavit,·

263 1242 293 1291 at
306 1236 346 1291 illi
360 1234 516 1308 feraciores
533 1234 605 1306 facti
621 1235 705 1289 multa
725 1249 764 1289 ex
785 1233 828 1289 liis
849 1249 911 1305 qnoe
933 1235 1085 1289 amiserant
1103 1241 1351 1306 recuperaverunt,
1376 1236 1455 1308 lonqe
1468 1237 1558 1307 plura

262 1337 345 1393 qnam
375 1335 498 1392 unquam
528 1317 697 1387 noluerunt,
727 1320 782 1374 nisi
802 1319 996 1388 provideatur,
1026 1321 1213 1387 consecuturi,
1238 1319 1348 1375 Italiam
1370 1327 1453 1392 iitqia
1474 1332 1591 1376 omneis

206 1405 430 1470 §.comtemnite
449 1407 610 1476 inperium,
626 1406 652 1459 si
671 1406 752 1459 istam
766 1410 950 1475 tempestatem
964 1407 1109 1470 evaserint,
1126 1406 1261 1474 paulatim
1279 1407 1451 1476 occupaturi.
1489 1404 1558 1473 Quae

260 1492 353 1547 omnia
368 1488 617 1548 christianissimus
637 1488 703 1544 Rea
721 1495 814 1544 noster
834 1490 912 1561 lonqe
929 1491 1119 1561 prospiciens,
1142 1490 1224 1545 simul
1242 1496 1268 1544 et
1287 1497 1412 1545 avertere
1432 1492 1558 1561 cupiens,

259 1577 286 1632 si
306 1581 397 1633 vestra
420 1575 551 1632 Caesarea
572 1575 701 1629 maiestas
727 1573 858 1629 deliberat
879 1575 939 1629 illos
963 1574 1030 1628 bello
1051 1576 1187 1646 prosequi
1214 1581 1240 1629 et
1261 1581 1350 1630 tantos
1370 1582 1459 1633 matus
1482 1591 1556 1631 com·

259 1675 388 1732 precere,
410 1673 446 1714 ne
466 1659 541 1715 tanc
559 1661 683 1731 patriam
706 1666 838 1727 vestram,
858 1658 911 1714 lias
929 1658 1117 1731 fertilissimas
1139 1666 1165 1715 et
1185 1659 1400 1715 bellicosissimas
1422 1662 1557 1732 reqiones.

260 1761 331 1818 quaa
351 1762 368 1799 a
390 1744 540 1801 maioribus
559 1747 656 1802 vestris
677 1744 778 1800 liberas
797 1746 955 1815 accepistis,
969 1746 1091 1816 posteris
1108 1747 1205 1800 vestris
1225 1746 1254 1799 in
1271 1747 1400 1800 servitute
1413 1747 1555 1817 relinqan-
1569 1755 1591 1793 ti

260 1832 308 1897 tin,
335 1836 361 1887 et
381 1846 440 1902 pro
465 1832 576 1902 imperii
602 1835 629 1885 et
649 1829 787 1886 Romania
814 1830 937 1884 ecclcsice
958 1831 1046 1894 solvite
1068 1835 1093 1884 et
1118 1831 1258 1884 maiestate
1279 1830 1380 1884 tuenda
1401 1836 1483 1902 atque
1504 1846 1557 1885 au-

257 1916 349 1989 qenda
367 1916 513 1988 pollicetur
533 1930 612 1970 omne
629 1917 765 1970 auxilinm
780 1920 863 1985 atque
876 1929 968 1986 opem,
991 1932 1073 1986 quam
1089 1917 1195 1969 amicus
1209 1917 1297 1969 arnico
1317 1920 1344 1969 et
1360 1913 1456 1987 frater
1468 1915 1560 1987 fratri

254 2006 398 2073 moeslare
419 2006 539 2068 lentim,
561 1999 711 2056 secundum
726 1999 952 2056 cameracensem
970 1999 1231 2071 confederationem
1253 2001 1325 2054 inter
1345 2006 1453 2055 uestras
1474 2001 1557 2055 maie-

258 2092 342 2142 states
361 2086 478 2158 factam.
522 2085 631 2158 etquid
652 2086 834 2156 ‘pollicetur’l
858 2087 938 2140 immo
960 2088 1014 2140 iam
1036 2102 1143 2157 rnaqnae
1164 2087 1223 2140 eius
1244 2090 1384 2156 equestres
1405 2092 1486 2158 alque
1502 2099 1555 2156 pe·

221 2219 225 2235 ,
260 2168 367 2227 destris
386 2173 473 2244 copia
492 2187 554 2226 cum
576 2172 698 2225 maximo
719 2175 915 2225 tormentorum
939 2176 1081 2242 apparatu
1107 2170 1213 2242 liostilia
1237 2172 1335 2224 moeriia
1356 2158 1592 2226 circumtonnnlio

204 2263 287 2317 §.net
306 2269 407 2313 manus
427 2271 490 2313 cum
511 2255 587 2310 lioste
607 2261 765 2313 conserunt.
810 2255 890 2323 Quod
918 2263 947 2310 nt
967 2263 1056 2312 vestra
1078 2269 1186 2328 quaque
1208 2253 1338 2310 Casnrea
1361 2257 1505 2321 maiestas,
1531 2261 1558 2309 et

259 2356 320 2408 ros,
339 2357 356 2397 o
377 2340 599 2398 reverendissimi
618 2356 653 2394 ac
667 2341 843 2396 illustrissimi
856 2356 993 2414 proceres
1010 2347 1036 2396 et
1055 2343 1175 2396 civitates
1191 2339 1309 2412 Imperii
1321 2340 1443 2395 Romani
1461 2340 1556 2395 iisdem

258 2425 360 2482 viritas
380 2431 462 2499 atque
480 2426 576 2483 eadem
594 2426 733 2481 celeritate
755 2429 794 2481 uti
814 2429 916 2493 velitis,
939 2429 993 2480 tria
1007 2428 1152 2498 principue
1169 2433 1234 2481 sunt
1248 2441 1310 2497 quoe
1331 2432 1433 2481 vestros
1449 2425 1557 2481 animm

258 2504 363 2588 ninius(
392 2507 514 2567 maxime
544 2526 653 2568 movere
684 2518 766 2584 alque
794 2514 968 2584 inflammare
994 2511 1103 2566 debent.-
1131 2513 1254 2582 primum
1286 2525 1350 2583 spes
1382 2510 1555 2578 Venetorum,

258 2596 358 2653 minda
378 2598 519 2669 tyrannis,
544 2604 640 2669 postea
663 2611 758 2653 eorum
782 2598 816 2653 de
837 2599 967 2670 reiiqione
984 2602 1010 2653 et
1031 2595 1191 2652 Cleri'stianis
1209 2595 1332 2651 omnibus
1350 2597 1421 2650 male
1439 2597 1590 2652 maritmis

259 2681 419 2754 dequibus,
440 2683 466 2737 si
482 2681 548 2736 milii
564 2700 581 2735 a
600 2681 672 2739 mtis
689 2682 773 2737 tribui
788 2683 954 2755 concedique
970 2685 1100 2748 sentiam,
1122 2681 1239 2736 breviter
1252 2682 1354 2736 dicturi
1370 2696 1474 2737 maius.

618 2830 663 2890 He
684 2848 736 2906 spe
766 2833 949 2892 Venetorum.
993 2831 1071 2889 Pars
1086 2833 1198 2906 prima

204 2969 250 3020 ss.
346 2950 409 3008 Non
431 2953 502 3007 enini
524 2958 565 3007 est
585 2950 699 3024 difficile
719 2955 747 3006 iu
768 2953 822 3007 illis
844 2961 897 3007 tani
924 2951 1043 3023 nefariis
1064 2959 1172 3024 tamque
1187 2952 1374 3025 fraudulentis
1394 2952 1555 3024 occaecatis,

258 3039 286 3091 in
309 3043 365 3092 tam
383 3036 537 3092 andonius
555 3043 667 3109 tamque
687 3037 814 3109 superbis
839 3040 960 3094 leonibus
987 3038 1178 3092 demonstrare
1206 3054 1335 3108 maqnam
1361 3052 1438 3110 spem
1465 3036 1556 3108 fuism

259 3121 350 3177 Italioe
368 3124 505 3193 primum,
530 3122 628 3177 deinde
643 3122 793 3177 Christiani
818 3124 891 3178 orlris
912 3123 1091 3194 siitiuqandi:
1113 3139 1178 3177 narn
1202 3138 1235 3177 ea
1258 3125 1349 3177 omnia
1377 3138 1440 3195 quie
1466 3123 1505 3177 od
1525 3122 1556 3176 id
1563 3139 1589 3180 so
1631 3130 1646 3157 ⁰

258 3209 418 3263 necessaria
438 3213 515 3274 sunt,
536 3207 646 3262 aliunde
667 3209 719 3262 illis
739 3213 901 3280 suppetunt,
926 3209 982 3262 doli
1002 3223 1036 3263 uc
1048 3208 1186 3278 cupiditas
1200 3207 1360 3262 dominandi
1376 3215 1415 3273 et,
1437 3214 1468 3262 ut
1476 3223 1554 3278 pau·

258 3283 390 3368 ml
415 3294 456 3348 cis
476 3292 630 3359 absolvam,
648 3295 786 3364 potentia:
812 3312 877 3348 nam
899 3308 945 3349 eos
966 3293 1016 3364 qni
1034 3294 1175 3364 superiori
1195 3299 1290 3348 testate
1309 3298 1439 3365 quattuor
1456 3299 1553 3363 polen-

257 3378 374 3433 tisaimos
396 3379 541 3450 principes
563 3377 782 3434 Christianorum
804 3381 833 3434 in
854 3379 1011 3450 patentibus
1039 3380 1147 3448 campis
1173 3385 1325 3449 expectare
1352 3383 1416 3433 sunt
1439 3379 1503 3432 ansi
1529 3383 1556 3432 et

258 3463 363 3517 cullnti's
384 3464 469 3535 siquis
488 3469 585 3533 aperto
606 3470 696 3517 marte
718 3463 866 3531 dimicare,
882 3463 1010 3536 profecta
1026 3464 1228 3535 potentissimos
1249 3463 1372 3517 liomines
1392 3463 1556 3517 existimare

257 3553 284 3601 et
304 3547 430 3603 iudicare
446 3547 582 3604 &bemus
629 3546 722 3615 Quare
740 3551 836 3604 sinam
862 3565 909 3605 eos
934 3550 1131 3621 aliquantulum
1155 3552 1300 3603 crescere?
1327 3550 1372 3602 ‘At
1396 3553 1463 3602 sunt
1481 3548 1588 3612 aledis

140 3696 142 3700 ¹
210 3638 213 3649 '
258 3638 323 3687 sunt
339 3629 488 3687 diminuti!
509 3632 580 3688 Sunt
596 3634 718 3707 quidem:
740 3634 853 3706 ideoque
875 3635 913 3689 ad
931 3634 1147 3706 eatinquendum
1165 3634 1309 3706 faciliores
1322 3649 1406 3704 quom
1424 3634 1450 3686 si
1463 3639 1555 3686 essent

204 3718 366 3790 §.sintepri
412 3716 469 3772 Sed
485 3720 540 3773 nisi
557 3726 656 3774 vestrae
675 3722 894 3790 pereqrinantnr
917 3735 1011 3788 aures,
1032 3721 1181 3791 intelliqere
1200 3719 1300 3774 deictis
1318 3718 1386 3792 qnid
1400 3719 1454 3772 iam
1469 3731 1552 3771 recn-

252 3803 423 3873 pcraverint,
445 3807 476 3856 nt
488 3817 518 3858 se
532 3805 586 3859 ium
603 3804 760 3876 refecerint.
800 3805 873 3876 quod
894 3808 920 3860 si
938 3820 985 3861 eos
996 3797 1139 3876 paulutum
1156 3806 1302 3876 respirare
1309 3804 1509 3875 permiseritis,
1525 3809 1556 3858 ut

325 3982 335 4018 ¹
353 3984 454 4035 Foedua
468 3985 670 4036 vimaranensi
683 3986 709 4035 d.
724 3985 764 4036 10.
778 3988 847 4037 Dec.
861 4003 887 4037 a.
903 3986 975 4038 1508.
989 4004 1043 4039 non
1062 3993 1158 4038 contra
1170 3988 1277 4038 Turcaa
1295 3987 1344 4037 sad
1363 3992 1460 4038 contra
1476 3987 1554 4053 ipsos

257 4068 379 4120 Venetos
396 4070 495 4120 initum
515 4085 575 4120 essa
594 4086 682 4135 neque
702 4071 751 4122 hoa
770 4072 817 4121 diu
835 4073 930 4138 fugere
949 4074 1047 4139 potuit.
1105 4071 1115 4103 ⁵
1133 4075 1268 4138 Loquitur
1286 4089 1319 4123 ac
1338 4075 1362 4123 si
1375 4072 1554 4123 Christiania-

257 4152 342 4204 aimua
360 4170 408 4205 rex
427 4160 455 4206 et
473 4154 703 4207 clementissimus
722 4159 872 4222 imperator
890 4163 918 4207 ot
935 4158 1126 4208 sanctissimus
1145 4159 1269 4223 pontifex
1282 4159 1368 4208 bonos
1382 4159 1486 4208 amicos
1498 4158 1552 4208 Ve-

257 4240 385 4290 netianos
403 4240 512 4290 visendi
530 4241 623 4305 gratia
642 4242 787 4292 adventuri
806 4243 932 4293 inissent.
985 4242 996 4273 ⁶
1014 4243 1104 4293 medio
1117 4259 1151 4292 m.
1165 4244 1241 4293 Maio
1254 4260 1278 4293 a.
1292 4242 1364 4293 1509.
1379 4243 1452 4308 apud
1463 4243 1553 4308 Apia-

256 4323 332 4374 dello.
385 4321 520 4389 ⁷arbom]
540 4341 573 4374 ex
592 4326 696 4377 loedere
710 4327 854 4378 Gamerae.
873 4327 1066 4378 Maximiliano
1085 4330 1294 4379 restituendam.
1347 4329 1357 4360 ⁸
1376 4325 1477 4392 hicme]
1497 4328 1553 4378 Ob-

255 4406 391 4459 sidionem
408 4409 529 4473 Patavii,
550 4410 594 4460 dic
615 4409 857 4463 tt.1un.a.1509.
877 4429 894 4462 a
913 4414 1077 4464 Venetianis
1095 4415 1267 4479 recuperati,
1286 4412 1445 4463 Caesariani
1463 4429 1554 4480 canpe·

258 4497 321 4542 rant
344 4492 369 4542 d.
393 4492 431 4543 ti.
447 4493 522 4560 Sept.
543 4509 568 4543 a.
584 4492 668 4559 isos,
695 4498 730 4547 ab
754 4497 850 4547 eadem
873 4504 1048 4548 recesserunt
1071 4499 1095 4549 d.
1113 4497 1138 4548 9.
1153 4499 1217 4548 Oct.
1287 4497 1310 4530 ³⁰
1334 4496 1510 4562 subiuganali
1529 4503 1552 4548 1.

257 4573 278 4607 ¹¹
298 4576 446 4642 suppetunt
463 4580 602 4644 potentia:
627 4580 696 4630 doli:
722 4596 756 4631 ac
775 4581 913 4646 cupiditas
932 4582 1084 4632 dominiidi:
1103 4588 1132 4632 at
1150 4589 1180 4633 nt
1197 4583 1295 4649 paucis
1314 4582 1432 4634 absoluti.
1452 4586 1486 4632 ni
1506 4599 1553 4634 aaa

258 4659 511 4712 tarquiniorum
529 4664 694 4715 inversionem
716 4669 875 4731 aequitare.
946 4666 969 4699 ⁸⁸
985 4668 998 4715 1
1012 4668 1112 4717 addidi.
1182 4668 1269 4718 victi?
1297 4669 1357 4718 sunt
1379 4667 1553 4718 dimminuiit

259 4745 282 4793 1.
302 4743 419 4808 (dimin.)
432 4749 457 4797 2.
511 4747 638 4812 quidem?
657 4752 713 4799 1.2.
