3294 5408
266 396 339 469 3116
377 426 499 462 trvrrttut
513 425 543 460 ltt
557 423 817 460 SCELERATIBBIUA!
830 423 945 458 loeutus
960 422 1148 458 rsrearcotttu
1161 423 1250 459 VITA!
1264 421 1482 457 rxcbaru'rm.

467 582 610 644 Merserat
631 579 783 657 indignum
807 577 913 638 Christi
936 576 1108 655 baptismate
1131 595 1240 655 corpus

468 681 654 745 Dissimulate
678 698 781 741 errore
804 687 930 760 patrum.
965 679 1008 741 Ne
1030 680 1147 758 tingite,
1171 680 1263 749 cives,

467 787 497 848 Si
520 785 639 846 tinxisse
663 789 764 850 nocet,
789 800 825 842 ne
846 789 949 843 nostro
973 783 1062 841 ascite
1085 780 1196 866 periclo

427 910 453 950 aa
468 889 573 966 Stirpis
595 884 762 945 inhumanae
784 883 933 951 sobolem;
957 885 1041 943 sinite
1065 902 1129 944 esse
1153 883 1300 961 sepultam

467 989 560 1052 Nocte
582 1006 649 1057 sua,
673 986 827 1065 diramque
850 987 954 1046 iterum
978 1003 1015 1045 ne
1038 985 1179 1045 admittite
1201 992 1325 1062 gentem

467 1091 499 1152 in
523 1091 634 1169 patrios
656 1090 745 1149 ritus:
769 1089 877 1166 poterit
899 1089 1032 1148 seiuncta
1055 1087 1151 1147 caveri

467 1194 538 1266 Quae
561 1192 716 1252 coniuncta
739 1192 848 1269 nequit.
880 1189 954 1250 Nam
977 1207 1035 1268 quo
1059 1206 1117 1248 non
1140 1189 1262 1249 crimine
1284 1189 1374 1251 diras

467 1293 575 1356 Polluit
597 1294 650 1354 istc
673 1291 798 1353 manus?
820 1292 889 1370 quid
914 1310 973 1351 non
997 1290 1151 1352 simulator
1172 1291 1290 1370 iniquus

428 1418 454 1459 eo
469 1396 591 1457 Admisit
614 1393 780 1456 sederunt
801 1394 915 1473 quodve
939 1411 1069 1472 unquam
1092 1393 1248 1452 immanius
1270 1392 1348 1453 Orci

465 1497 579 1560 Prodiit
600 1517 616 1557 e
639 1495 759 1556 latebris
781 1492 966 1557 monstrum?
989 1494 1074 1555 Certe
1096 1492 1234 1554 omnibus
1256 1493 1364 1574 hydris

466 1599 577 1661 Saenius
599 1598 708 1659 exarsit
729 1597 893 1676 Lemaeque
915 1597 1043 1658 ferocius
1065 1613 1161 1674 angue

468 1699 555 1762 Orbis
578 1701 606 1760 in
630 1700 749 1760 exitium
774 1699 870 1760 scelus
893 1699 965 1767 hoc,
991 1715 1198 1759 mansuescere
1221 1705 1323 1759 torvas

466 1801 550 1873 Quod
574 1803 649 1862 sinat
664 1800 857 1870 Eumenides,
881 1801 998 1881 Lyciam
1021 1800 1099 1879 quod
1123 1798 1205 1860 abire
1221 1799 1407 1863 Chimaeram

428 1925 453 1964 aa
469 1904 588 1965 Saevicia
612 1909 712 1981 cogat,
737 1910 903 1963 monstrum
926 1902 1005 1982 quod
1029 1903 1125 1963 vincat
1146 1900 1283 1972 iberum,

467 2007 622 2085 Gorgones
643 2005 845 2084 Harpyiasque
868 2012 954 2065 necet
975 2003 1031 2064 sub
1054 2021 1145 2083 seque
1167 2001 1316 2083 relinquat

467 2107 646 2178 Centauros,
670 2106 819 2166 Diomedis
842 2124 935 2185 equos
958 2106 1124 2184 Scironque
1146 2106 1298 2185 Sinimque

467 2209 504 2270 Et
524 2208 649 2269 crudum
672 2208 864 2287 Antiphaten,
888 2225 948 2285 quo
971 2224 1029 2266 non
1053 2208 1256 2287 Laestrygones
1279 2210 1347 2270 ausi

467 2310 594 2372 Ulterius
617 2311 742 2377 inerint;
766 2308 882 2370 Siculos
904 2310 1059 2372 mitescere
1081 2325 1168 2386 reges

429 2435 454 2475 to
469 2413 554 2486 Quod
577 2413 664 2473 iaciat
686 2409 877 2489 Phalarisque
900 2410 1021 2478 bovem;
1045 2411 1162 2480 Medea,
1186 2409 1308 2490 pusillos

467 2515 642 2593 Quanquam
667 2513 856 2574 excarniiieet
877 2519 976 2582 natos,
1001 2514 1047 2573 cui
1071 2514 1164 2591 prima
1187 2513 1337 2592 relinquat

468 2616 594 2678 Saeviciae
617 2622 823 2682 monumenta;
847 2614 884 2675 ad
907 2614 986 2693 quod
1008 2615 1199 2691 requiescere
1222 2617 1315 2693 possit

381 2765 388 2776 .
466 2718 557 2779 Foeda
579 2717 768 2779 Tamurlanis
791 2716 885 2777 caedes
908 2715 1077 2794 bellumque
1100 2723 1255 2777 cruentum

468 2819 504 2880 Et
526 2821 581 2881 tria
604 2829 698 2882 castra
722 2819 820 2888 dacia,
843 2816 951 2897 tripiici
974 2817 1089 2878 diversa
1113 2816 1214 2879 colore

428 2940 453 2980 rs
469 2921 595 2983 Australi
617 2921 767 2983 horridius
789 2919 874 2988 flatu,
898 2918 1053 2980 violentius
1075 2921 1155 2981 ouini

466 3024 598 3091 Oceano,
623 3023 753 3084 adriacis
775 3021 854 3101 qrrod
877 3040 908 3082 se
931 3020 1114 3099 implacatius
1136 3021 1222 3082 undis

467 3124 590 3203 Colligat
612 3126 640 3184 in
664 3124 792 3193 rabiem,
816 3123 871 3183 sub
895 3124 974 3202 quod
997 3141 1048 3184 sua
1072 3122 1181 3183 robora
1204 3123 1320 3201 vimque

466 3227 499 3288 ln
522 3225 672 3288 cumulum
696 3226 777 3287 dedit
800 3242 888 3286 omne
911 3225 1007 3295 netas,
1032 3225 1092 3286 hiis
1114 3227 1205 3303 gratia
1229 3226 1378 3303 primum,

466 3329 594 3398 Dehinc,
618 3327 751 3399 hiberte,
775 3326 841 3396 tibi,
867 3344 921 3404 per
942 3336 971 3388 te
994 3326 1149 3388 elementia
1172 3326 1270 3389 divum

329 3569 350 3603 ⁸¹
371 3569 442 3621 Ouid.
456 3572 520 3618 met.
535 3568 582 3618 tx.
597 3565 654 3618 192.
669 3583 709 3632 sq.
779 3563 801 3598 ³²
820 3565 891 3616 Ouid.
905 3570 971 3616 met.
984 3565 1030 3616 IX.
1047 3565 1103 3618 tes.
1172 3563 1195 3597 ³⁸
1213 3581 1300 3616 mans.
1314 3565 1401 3633 sinat]
1427 3569 1527 3622 faeiat
1546 3577 1578 3622 ut

263 3660 415 3707 mansuetae
433 3653 587 3705 videantur.
635 3651 658 3684 ⁸⁴
676 3651 804 3702 Chimera
816 3655 841 3701 2.
896 3650 966 3702 Ouid.
981 3649 1153 3717 rutrum.
1208 3648 1296 3718 abire]
1309 3651 1479 3705 inferiorem
1500 3673 1575 3709 esse.

264 3738 287 3773 ⁸⁵
299 3735 418 3804 Iberum]
434 3738 597 3804 Geryonem.
612 3736 682 3787 Ouid.
697 3737 744 3787 tx.
761 3735 817 3786 184.
870 3734 1357 3803 ιο(1013]οἰ.0111111111.11’.1101).
1411 3737 1573 3808 Harplcf.

267 3827 346 3890 Verp.
359 3824 427 3875 hen.
442 3824 492 3874 III.
506 3823 564 3874 210.
578 3838 637 3889 sqq.
674 3815 1044 3887 ¹⁷Scyrodq3,Sciniri1q32.
1081 3819 1257 3888 Cent.]Sero.
1273 3823 1309 3873 ad
1326 3825 1495 3888 georg.111.
1511 3827 1573 3878 115.

262 3917 311 3961 ete.
358 3909 448 3959 Diom.
463 3907 517 3976 eq]
533 3910 652 3959 humano
666 3923 749 3958 cerne
762 3912 917 3958 vescentes.
931 3907 1004 3957 Sero.
1019 3906 1054 3956 nd
1066 3907 1136 3957 Aen.
1148 3909 1170 3958 1.
1185 3906 1243 3957 752.
1257 3915 1307 3959 eto.
1353 3907 1467 3972 Sciron,
1481 3911 1571 3978 Sinis]

263 3994 395 4046 latrones.
415 3993 486 4044 Orid.
506 3999 570 4043 met.
585 3993 646 4044 VII.
659 3991 718 4043 tro.
732 4008 790 4058 sqq.
861 3990 884 4023 ¹⁸
905 3992 1085 4058 Lestrigones
1104 3995 1130 4041 2.
1199 3989 1323 4059 hntipbl
1347 3992 1571 4062 Laestrygonum

263 4080 414 4131 crudelium
438 4096 485 4130 rex
514 4078 765 4145 anthropophagos.
791 4075 862 4127 Ouid.
881 4077 954 4127 XIV.
968 4075 1028 4128 ⁸233.
1042 4092 1101 4143 sqq.
1121 4077 1157 4127 cs.
1172 4078 1247 4128 Hora.
1261 4077 1361 4142 Odyss.
1380 4079 1413 4128 X.
1432 4079 1492 4133 loo.
1505 4097 1569 4148 sqq.

262 4164 284 4198 ⁸⁸
302 4165 358 4217 Sic.
373 4163 464 4232 reges]
486 4165 634 4229 Dionysioa
652 4169 793 4229 tyrannos.
855 4160 878 4194 ⁴⁰
895 4161 973 4212 Phal.
987 4159 1056 4228 bor.]
1076 4163 1113 4212 cf.
1127 4161 1229 4228 dialog.
1243 4161 1408 4215 Phaisrism.
1476 4165 1565 4233 Med]

264 4251 300 4301 ei.
315 4250 387 4301 Ouid.
400 4250 460 4302 VII.
475 4249 532 4300 set.
547 4265 605 4314 sqq.
619 4255 667 4299 etc.
737 4245 760 4280 ⁴⁸
777 4248 873 4298 Timar
891 4247 956 4314 long
974 4246 1081 4310 (Timar
1098 4246 1224 4312 claudus)
1242 4248 1316 4298 Asiae
1334 4249 1468 4314 macris,
1488 4251 1568 4303 Mon·

263 4335 372 4402 goiieaa
392 4336 524 4396 Persicae,
542 4333 646 4384 Indicae
665 4338 838 4399 expugnator
855 4332 1062 4384 crudelissimus
1080 4333 1129 4384 sed
1148 4337 1177 4384 et
1194 4335 1395 4398 magnanimus.
1409 4334 1430 4397 †
1445 4351 1472 4386 a.
1487 4335 1566 4387 1405.

264 4435 325 4472 cum
344 4422 372 4471 in
393 4437 425 4471 eo
445 4425 531 4482 esset,
550 4424 582 4470 nt
600 4418 717 4469 Chinam
737 4419 821 4469 etiam
839 4417 913 4469 bello
932 4418 987 4469 sibi
1005 4418 1156 4485 subigeret.
1218 4417 1241 4450 ⁴⁵
1259 4418 1360 4470 Auster
1379 4418 1486 4483 iurene,
1506 4426 1565 4472 tnr-

263 4505 357 4569 bidus,
377 4504 537 4557 vehemens.
606 4503 629 4536 ⁴⁸
647 4503 841 4554 Hadriaticum
860 4520 935 4554 mare
954 4504 1120 4568 inquietum,
1146 4503 1342 4570 procellosum,
1368 4503 1476 4569 ieram,
1494 4523 1566 4573 pras-

264 4604 339 4655 ceps.
409 4589 432 4623 ⁴⁰
454 4588 528 4656 Alb]
553 4588 844 4655 Brandenburqensis,
875 4595 931 4639 tum
956 4588 1206 4654 Magdeburgensis
1231 4588 1361 4639 eeclesiae
1385 4591 1504 4656 praesul,
1530 4592 1566 4643 ad

264 4689 345 4739 quam
363 4675 438 4726 Halo
457 4676 491 4726 ad
510 4675 616 4737 Salam,
636 4675 685 4726 nbi
704 4673 937 4725 excarnificarent
954 4674 1184 4739 Peperieornum‚
1203 4675 1371 4740 pertinebat.
1444 4675 1566 4728 clemen·

264 4759 307 4809 tia
324 4756 428 4826 divum]
448 4760 588 4811 dementia
607 4775 685 4812 caeca
703 4761 844 4811 diceremus
861 4760 945 4810 hodie.
969 4759 1017 4810 red
1033 4761 1108 4809 etiam
1125 4761 1217 4811 heroes
1234 4761 1275 4811 aui
1290 4761 1414 4826 temporie
1427 4762 1481 4826 fitia·
1496 4769 1564 4814 reat.
