3294 5408
247 403 284 440 AD
296 405 456 458 atterentes
470 405 639 449 nsutqvoso.
653 406 844 441 GBBMANORVM
859 406 1007 442 lentnctetss
1020 405 1132 441 ΟΔΒΙΕΙ
1146 406 1265 442 naon.
1323 374 1393 449 2⁰1

263 583 301 624 uo
315 563 423 620 Annam
445 568 470 619 et
492 563 561 620 Urbs
582 565 651 619 illud
665 579 721 636 per
743 565 831 620 uineta
855 567 956 637 iuqalia
976 569 1070 633 nectit,
1098 567 1100 570 ’

315 648 402 717 Quale
423 665 473 704 nec
495 650 551 704 ulla
569 649 668 721 serunt
689 651 826 705 mendatio
850 651 951 719 Graia,
974 665 1025 706 nee
1046 652 1103 708 ullo

313 734 421 790 Fabula
439 735 613 807 prodiqium:
634 742 681 790 tua
703 738 752 802 sit,
776 736 915 807 Neptune,
933 736 1049 791 tridente

313 821 372 877 Pro
392 834 463 876 seru
488 828 597 875 certare
619 828 678 886 tuo,
696 837 752 893 pro
770 819 884 892 soemiua
904 820 1015 876 bobcris

315 907 415 963 Saltem
437 905 514 978 apud
536 906 680 961 Adriacas.
722 912 862 976 praterea
880 906 932 961 ltoe
954 911 1073 962 attamen
1093 908 1141 963 illa

262 1008 300 1049 ms
320 994 442 1062 ilsurpat
462 1006 530 1063 qens
550 998 648 1046 sancta
670 994 772 1057 metm,
793 1006 844 1047 uec
862 994 956 1063 parcit
976 998 1088 1060 ornatae,

314 1078 392 1132 Sedis
408 1076 565 1149 apostoliea
581 1076 688 1143 ditioni,
712 1083 741 1131 ot
754 1078 877 1147 plurima
899 1077 1000 1132 ademit
1053 1106 1059 1121 ι

316 1163 375 1218 Iam
397 1163 457 1217 loca
476 1163 600 1233 pontitiei
610 1164 662 1233 pia
679 1163 757 1234 filia:
777 1161 853 1234 sorte
874 1162 988 1235 rependi

314 1250 356 1303 Ne
374 1249 466 1303 senior
488 1255 578 1301 tantas
598 1249 678 1302 oneri
697 1247 887 1302 succumberet
901 1247 998 1303 urbes.-

315 1334 446 1389 Eeelesiae
468 1338 495 1387 et
515 1333 609 1387 totiens
629 1332 748 1387 turbarit
766 1335 855 1388 amica
877 1334 990 1406 quietem

262 1436 301 1475 no
315 1420 458 1475 Hactenus
476 1416 509 1473 ob
529 1433 581 1472 suo
600 1423 642 1472 ter
664 1417 807 1489 benefacta
827 1418 1001 1474 anathemate
1020 1419 1119 1474 vincta.

314 1506 348 1560 m
369 1519 444 1559 aune
464 1502 632 1574 supplicibus
647 1518 749 1575 pacem
771 1504 818 1558 itta
839 1506 994 1559 miserrima
1017 1506 1082 1559 aotis

316 1589 397 1656 Orat,
420 1594 446 1642 et
466 1588 603 1643 addietum
620 1588 686 1660 sore
703 1603 734 1644 se
749 1591 883 1661 promittit
899 1588 1015 1645 bonari-

313 1673 451 1731 Posthac
472 1673 614 1740 Cesarea,
635 1674 777 1746 facturam
801 1681 827 1729 et
844 1681 943 1730 cuncta
961 1675 1073 1730 libenter

315 1762 383 1829 Qua
404 1759 500 1816 Cesar
515 1773 703 1832 proceresque
723 1761 816 1825 velint,
837 1760 916 1816 modo
936 1762 1015 1832 copia
1031 1759 1116 1835 sandi

263 1864 300 1903 uss
314 1847 402 1902 Detur
421 1852 446 1899 et
466 1845 560 1899 audiri
574 1845 679 1900 voleat:
698 1845 840 1900 dimittitur
860 1846 917 1900 ullo

318 1931 388 1988 Urbs
408 1943 496 2002 neque
513 1929 675 2000 iampridem
698 1929 862 1986 Germanica
882 1931 968 1987 libera
988 1947 1072 2004 qaam
1091 1948 1146 1989 non

314 2016 434 2083 Arabiat,
455 2023 483 2070 et
500 2014 586 2081 uobis,
605 2030 754 2085 proceres,
778 2018 897 2089 inperitia
918 2017 998 2073 dese

314 2101 448 2174 Spondet,
470 2101 612 2166 adulatur,
634 2101 746 2169 suadet,
770 2102 908 2157 blanditur
930 2109 956 2159 et
976 2102 1072 2174 offert,

315 2187 418 2243 Edocet
437 2204 454 2241 a
475 2187 608 2257 sociisque
630 2186 753 2241 carenda
766 2187 895 2259 pericula
917 2190 1015 2244 vestris

262 2289 301 2329 aaa
315 2272 450 2345 Reqibus,
473 2279 498 2326 et
519 2278 670 2326 commento
691 2271 780 2344 rescrt
802 2274 931 2328 miranda
949 2274 1074 2346 Pelosqis

313 2357 439 2425 Artibus,
461 2359 532 2411 inter
552 2371 599 2411 ros
619 2373 740 2428 unquam
762 2359 788 2413 si
805 2365 899 2430 posset
917 2361 988 2414 ariri

313 2443 430 2508 settin,
452 2459 515 2515 quae
537 2443 596 2497 sola
616 2443 660 2496 oia
683 2449 724 2497 est
743 2444 794 2498 sibi
814 2445 883 2498 lecta
903 2445 1007 2500 solatis.

313 2529 425 2584 Interea
447 2527 514 2582 betto
535 2541 565 2581 se
587 2529 705 2599 aecinqit
725 2536 751 2583 et
770 2530 890 2600 undique
907 2536 1005 2585 contro

313 2617 399 2669 Arma
413 2619 503 2685 parat
524 2607 659 2686 (referam
681 2628 748 2668 neae
768 2616 920 2670 inueterata
942 2615 992 2671 sub
1016 2618 1076 2676 istis

262 2716 299 2756 ms
314 2699 461 2754 Blanditiis
482 2697 624 2770 uerbisque
643 2699 719 2753 bonis
739 2702 877 2771 speticque
893 2700 1001 2771 sutura

313 2786 411 2850 Pacis,
432 2790 461 2838 at
475 2784 637 2855 Euqaueam
655 2786 739 2854 prius
759 2786 935 2855 interceperit
954 2785 1049 2841 urbem

153 2876 167 2917 b
312 2870 348 2925 Ei
370 2871 410 2925 sie
430 2870 558 2941 adempta
575 2872 643 2939 pori
671 2868 792 2924 Viecntia
811 2868 930 2940 fraude,
954 2875 1089 2927 tot'areto

314 2955 435 3010 ttareere
457 2954 585 3008 ductores
599 2954 689 3009 clausi
708 2957 845 3026 vestrique
860 2956 956 3025 fideles

316 3041 365 3096 Tot
385 3041 478 3095 erucis
497 3039 617 3110 infanda
635 3039 764 3094 Patavini
784 3045 871 3094 morte
891 3038 996 3116 necati)

261 3142 300 3182 rto
321 3125 570 3182 Veronensibus
592 3126 647 3180 iam
669 3126 723 3178 iam
745 3126 869 3191 molitur,
892 3132 918 3180 et
938 3129 1022 3183 instat

314 3211 458 3277 Continuo,
483 3215 509 3263 et
533 3211 647 3265 miseros
664 3211 818 3281 populatur
840 3210 974 3266 elassibus
993 3212 1107 3267 Histris

312 3297 349 3352 a
368 3296 450 3369 serra
467 3297 639 3368 flammisque
664 3295 769 3350 Forum
792 3299 927 3350 consumit
942 3296 1019 3363 Itali:¹

312 3384 399 3455 Atque
420 3383 459 3435 ito
481 3398 554 3436 niune
575 3383 654 3437 etiam
670 3382 829 3437 simulatrix
851 3382 952 3438 collido
974 3383 1049 3439 robis
1137 3395 1141 3403 ’

319 3467 408 3522 Verba
430 3466 503 3522 dabit
522 3468 629 3539 rabitis?
649 3483 797 3538 numquam
818 3469 904 3522 vitare
926 3468 1014 3524 licebit

260 3570 298 3610 ms
314 3552 442 3608 Sirenum
462 3559 560 3609 cantus
580 3559 751 3623 expertaque
766 3555 870 3626 poeula
887 3553 1010 3610 Circest,

310 3637 401 3694 Illane
420 3640 520 3711 iudaei
539 3641 639 3694 tociens
660 3637 778 3694 evadere
798 3640 890 3711 linqua

312 3723 471 3780 Consiliisne
487 3727 546 3781 suis
566 3732 593 3778 et
612 3740 686 3779 niune
704 3739 812 3797 quaque
833 3723 911 3780 abire
932 3724 1028 3781 valebit

312 3808 482 3882 Insuperato
503 3810 591 3865 dolis?
612 3808 692 3876 Quod
710 3811 736 3864 si
754 3809 852 3877 datur,
876 3814 972 3883 accipe
994 3818 1125 3882 tanquam

176 4090 211 4127 ²¹⁵
229 4093 328 4160 sinum]
351 4096 472 4145 Venetam
489 4110 512 4144 s.
529 4096 682 4144 Veneticum.
751 4092 786 4126 Μ
805 4094 945 4145 Secundum
961 4097 1047 4160 foedus
1068 4096 1249 4152 Cameracensis
1266 4095 1404 4144 Venetiani

109 4181 218 4246 aspendi
234 4186 309 4230 eram
327 4187 353 4229 at
368 4182 484 4245 pontiflci
500 4196 568 4228 ntae.
582 4183 747 4229 restituerent
766 4181 917 4239 timennorn,
938 4181 1060 4239 Cervlarn,
1080 4182 1234 4240 Fauentiam,
1253 4180 1400 4238 Ariminum,

109 4272 136 4317 et
152 4282 210 4332 quie
226 4266 277 4315 iarn
292 4266 338 4316 sab
356 4268 451 4315 ditione
466 4268 558 4330 papali
575 4272 624 4314 tum
639 4266 757 4327 ficerunt,
777 4266 881 4314 Imolam
903 4281 934 4316 ae
954 4267 1081 4316 Cesenam.
1133 4263 1166 4298 ’⁵¹
1188 4265 1227 4328 Cf.
1243 4265 1352 4315 Huttent
1367 4264 1404 4315 ad

110 4350 217 4402 ataxoa.
231 4351 331 4402 eaebort.
347 4358 438 4400 cantra
451 4350 570 4408 Venetos,
590 4352 644 4399 init.
659 4352 690 4399 de
703 4367 767 4416 pace
779 4352 931 4415 suppliciter
943 4351 1058 4401 Bassani
1068 4368 1098 4400 m.
1111 4351 1177 4401 latio
1190 4366 1214 4399 a.
1227 4351 1301 4399 ttae.
1315 4348 1347 4399 ab
1357 4352 1400 4399 tm·

106 4438 334 4502 pmatorepetito.
386 4433 456 4479 ²⁸⁰⁸·
473 4435 533 4485 Pel.
547 4432 610 4501 art]
630 4437 695 4485 dotis
715 4435 822 4486 Graeca.
875 4433 1402 4504 ωΡαταυιίιιιι.ί*[.11ιίιίινι.Ρεηιῆςιιιί

107 4520 261 4572 numerio
273 4523 404 4572 Patauium
417 4522 441 4570 d.
457 4524 496 4570 17.
510 4521 560 4571 lat.
574 4537 598 4571 a.
613 4525 688 4570 teob.
701 4527 924 4585 semiperaaerant.
977 4520 1012 4553 ’θ’
1024 4522 1057 4570 D.
1073 4523 1113 4571 ts.
1128 4521 1191 4570 Noa.
1209 4521 1349 4570 chntlam
1360 4534 1401 4570 ce·

105 4607 147 4672 pit
164 4621 245 4657 comes
258 4607 393 4657 Pitilianus
409 4604 585 4672 Veronamque
603 4605 710 4656 obsedit.
757 4604 791 4637 ¹⁶⁹
810 4606 838 4656 in
857 4604 942 4656 fanda
955 4609 978 4655 1.
1026 4604 1060 4637 ”⁰
1079 4606 1118 4669 (is.
1133 4606 1237 4655 Helian.
1283 4600 1317 4637 ¹⁷¹
1336 4604 1401 4655 Hie·

108 4705 228 4756 ronymas
241 4692 392 4743 centannis
416 4693 493 4740 classi
511 4691 654 4755 preelectus
671 4698 741 4748 erat,
767 4693 888 4741 Atrianus
912 4697 937 4741 et
957 4693 1086 4741 Camacas
1109 4693 1249 4742 exereitum
1266 4687 1400 4741 ducebant.

110 4775 151 4841 Os.
164 4793 187 4827 a.
202 4779 262 4826 stt.
315 4775 348 4808 ²²²
367 4775 481 4827 eositmit
500 4779 523 4826 t.
577 4773 610 4806 Μ
628 4777 760 4841 Syrenum
780 4779 802 4825 t.
