3294 5408
448 392 551 427 sesols
565 395 591 429 v.
611 394 647 427 ΑΙ)
660 393 828 428 POHRRANIAE
841 393 934 428 nvem(
947 392 1104 428 RVGSLAVM.

337 546 404 607 liae
428 555 563 625 proterant
585 549 733 609 monuisse
757 550 864 615 virum,
889 548 938 626 qni
962 546 1078 608 mobilis
1101 554 1194 615 esset,

421 649 490 710 iiaec
513 651 607 726 potuit
628 667 718 710 saevas
741 667 828 709 cansa
851 656 953 709 tcuece
976 667 1096 710 marius:

337 751 402 813 Non
425 758 505 811 tenet
527 750 574 812 ilie
596 759 708 817 tameo,
732 751 784 812 sed
808 758 910 811 contra
932 752 1055 830 iuraque
1078 752 1180 830 sasque

287 874 313 913 oc
419 853 452 913 tn
475 854 599 913 miseros
622 854 684 913 dira
708 853 873 932 perditione
896 852 975 913 inrit.

339 953 430 1030 Exige
454 954 582 1015 crudelis
604 955 748 1015 rationem
771 954 896 1016 reddere
920 955 1002 1023 sacti,
1292 952 1429 1035 intusne.

423 1055 483 1116 Nec
506 1065 607 1134 patore
631 1056 693 1116 iimo
716 1058 779 1117 tieri
802 1075 867 1136 quac
889 1056 1049 1135 prohibere
1072 1063 1169 1136 potes,

341 1156 412 1228 Quae
434 1157 595 1236 prohibere
617 1166 703 1238 potes
727 1165 755 1219 et
777 1178 842 1238 qum
864 1144 895 1218 iu
919 1167 1051 1220 avertere
1074 1157 1180 1227 «toties,

288 1279 325 1317 utu
418 1257 481 1321 Neu
504 1263 567 1321 sine
588 1264 645 1321 rim
668 1261 732 1321 sieri
754 1262 951 1339 saevitiamque
974 1260 1054 1321 mitri.

340 1360 408 1421 ‘Sed
431 1361 540 1422 iactum
563 1368 620 1429 est,
646 1368 675 1422 et
697 1363 762 1441 quis
785 1365 940 1423 commissa
964 1364 1112 1424 inrertere
1135 1364 1253 1441 posset?

427 1463 473 1523 ‘m
495 1465 563 1525 satis
586 1472 631 1525 cst
653 1464 741 1525 huius
762 1467 930 1544 paenituisse
953 1463 1044 1524 mali'.

342 1565 371 1624 Si
394 1564 463 1625 satis
487 1584 551 1626 esse
573 1574 674 1643 putas.
700 1578 850 1645 nimquam
873 1566 1027 1646 plectenda
1051 1566 1167 1644 putabis
1192 1628 1196 1636 .

291 1688 329 1727 rou
425 1667 515 1745 Digna
539 1668 582 1728 rei
606 1675 739 1728 extremo
762 1670 884 1729 crimina
907 1668 1067 1749 suppticio:
1112 1682 1115 1687 ’

343 1769 415 1839 Quid
440 1772 535 1848 potuit
557 1770 677 1831 crudete
700 1773 792 1848 magis
815 1773 986 1848 contingere
1009 1770 1045 1830 ab
1069 1768 1117 1829 iiio
1286 1768 1434 1847 33ᾞρᾓῇ

426 1874 521 1940 Quam
544 1873 568 1931 si
591 1875 676 1933 etiam
702 1875 764 1934 sitan
787 1878 903 1952 sumpta
926 1874 1029 1951 rapina
1053 1873 1148 1933 toret?

344 1972 408 2033 Non
431 1972 498 2033 tulit
520 1973 597 2034 hauc
619 1976 722 2052 igitur,
746 1975 798 2036 sed
821 1976 864 2034 sic
886 1976 1021 2053 permisit
1043 1984 1075 2035 nt
1098 1992 1194 2036 essem

294 2093 332 2131 uos
426 2074 482 2145 Qui
504 2075 576 2136 nihil
599 2084 730 2155 optarem
755 2096 842 2154 cluam
861 2076 953 2135 modo
977 2095 1063 2156 posse
1085 2078 1177 2137 mori:

344 2177 430 2238 tinxit
446 2177 524 2237 euim
541 2178 693 2248 morbum,
711 2199 769 2257 cpio
785 2197 864 2239 nunc
880 2196 998 2256 quoqne
1014 2180 1184 2256 supprimor
1199 2193 1292 2253 aeger,

428 2278 506 2347 Nec.
531 2289 644 2340 certum
668 2289 726 2349 ost,
750 2283 792 2340 sic
814 2300 861 2340 me
884 2281 982 2340 virere
1005 2298 1092 2359 posse
1115 2280 1174 2339 diu.

345 2380 413 2440 Haec
435 2398 568 2460 qnoque,
593 2401 679 2460 qnam
703 2384 798 2452 mitto,
823 2383 982 2461 trepidanti
1005 2390 1049 2442 est
1071 2381 1146 2442 edita
1170 2380 1285 2449 dextra,

295 2501 333 2541 ua
425 2482 509 2561 Saepe
533 2484 619 2543 etiam
643 2482 799 2544 lachrimas
820 2483 918 2544 littera
941 2501 1026 2562 passa
1050 2501 1147 2550 meas:

348 2582 397 2644 t'ix
421 2604 455 2644 ea
479 2604 540 2664 prae
564 2585 668 2645 inorbo
692 2588 872 2665 conscripsi.
897 2593 926 2646 et
949 2585 1073 2663 piurima
1098 2604 1214 2665 possem

429 2686 560 2755 Addere,
584 2686 634 2747 sed
658 2689 748 2767 pestis
771 2708 829 2748 uon
851 2689 921 2748 sinit
943 2689 996 2749 iste
1018 2688 1116 2754 turoc;

347 2788 401 2856 nui
424 2790 449 2848 si
473 2788 543 2867 qnid
566 2787 657 2849 levior
681 2788 783 2868 inerit,
808 2809 916 2869 qurerar
939 2791 1035 2851 omnia
1060 2807 1175 2856 coram,

296 2910 333 2948 uo
428 2890 464 2949 Et
486 2898 571 2969 potes
594 2893 623 2950 iu
647 2910 731 2952 casus
754 2891 877 2970 pallidus
900 2912 965 2956 esse
988 2909 1085 2959 meos;

348 2991 383 3051 Et
405 2991 510 3053 nieiins
531 2993 637 3054 ‘eredes
659 2996 813 3071 praeseutia
835 2994 924 3055 rerba
948 2993 1085 3072 loqnnto,

431 3094 490 3155 Sed
513 3093 634 3155 nulnum
658 3103 701 3157 est
723 3095 808 3156 liccat
830 3097 871 3155 sic
894 3096 965 3155 mihi
988 3097 1098 3173 scripta
1121 3092 1211 3172 ioqui.

348 3195 390 3255 'iu
415 3204 512 3255 nmen
536 3198 647 3257 interea
671 3199 778 3258 nostris
800 3199 940 3257 instructo
963 3196 1108 3275 quereiiS.

299 3317 336 3356 uo
431 3296 555 3375 Respice
578 3299 725 3359 fortunam
749 3299 977 3377 pauperiemque
998 3316 1110 3363 meam.

349 3398 474 3477 Respice
497 3406 538 3459 tot
561 3418 661 3464 casus.
684 3401 730 3460 ier
753 3420 854 3479 opem,
878 3407 907 3460 te
929 3399 1026 3458 indico
1048 3398 1134 3458 nohis
1321 3397 1437 3485 2ssg32p

432 3501 490 3561 Pro
512 3509 593 3561 tauto
617 3502 720 3563 reddat
741 3502 859 3562 Lessins
881 3519 963 3580 aequa
987 3500 1073 3560 nuato.

348 3603 400 3664 His
421 3601 472 3663 ubi
494 3610 646 3683 permotus
669 3613 798 3665 nostram
823 3602 1002 3663 miserabere
1024 3610 1150 3681 sortem,

299 3726 336 3766 nr
432 3704 468 3763 tn
491 3708 531 3763 ris
553 3705 675 3765 arbitrio
698 3706 825 3785 dirigere
848 3707 902 3766 ista
926 3714 991 3774 tuo,

351 3806 479 3885 inspice.
504 3824 563 3884 qno
584 3798 672 3867 uitam
695 3815 779 3884 pacto
803 3810 930 3869 traduxit
952 3816 1075 3887 uterquc

435 3909 562 3976 Lossu’us,
587 3917 616 3969 et
638 3926 697 3986 quo
719 3911 755 3967 sit
778 3910 917 3987 praeditus
939 3911 1072 3989 iugenio:

352 4010 402 4071 liic
424 4028 478 4069 suo
502 4011 624 4071 miseros
647 4010 823 4071 condemnat
845 4013 968 4072 crimine
990 4013 1084 4077 cives.
1305 4006 1438 4094 ffigfflssfi,

301 4130 337 4170 ns
432 4111 468 4170 m
491 4112 559 4171 tacit
582 4112 723 4172 insonteis
745 4112 897 4173 srattdibns
919 4130 983 4172 osse
1006 4130 1087 4178 reos;

135 4268 350 4290 N—.....

214 4400 236 4432 ’³
254 4401 300 4465 9η
320 4405 342 4450 1.
395 4398 418 4431 ⁹⁴
435 4401 481 4465 fiet
501 4403 523 4450 1.
540 4415 543 4421 ·
560 4401 629 4465 [cuns
650 4405 670 4450 1.
724 4401 747 4433 ⁹⁷
765 4407 854 4452 πώεσι
873 4404 894 4449 1.
913 4401 1102 4451 cecilianum.
1118 4402 1239 4449 Loudet
1256 4405 1304 4447 eet.
1324 4416 1438 4449 mcccc.

135 4475 161 4507 '⁹
185 4491 263 4549 unct.
297 4485 436 4537 ”auct
484 4500 529 4551 unc
544 4489 566 4539 1.
614 4486 646 4517 ¹⁰⁰
665 4484 735 4550 Neu]
752 4486 811 4534 Nou
826 4488 884 4533 23.
932 4485 1113 4550 [actitamur.
1150 4480 1438 4549 'mutuitnineupoe-

135 4564 264 4621 nituisse
278 4575 303 4620 2.
341 4569 702 4633 ¹ffl3u1i11.se‹tttutr,et
722 4579 895 4619 nct.m.corr.
948 4576 1050 4633 tutrzl.
1100 4568 1131 4601 ¹¹⁰
1149 4569 1206 4618 Nee
1220 4588 1243 4618 c.
1258 4576 1307 4628 est,
1326 4571 1367 4617 sic
1379 4571 1439 4620 edd.

135 4644 548 4721 [haereseonposset.
605 4655 633 4686 ¹¹¹
654 4657 698 4719 §ct
718 4660 741 4704 1.
819 4653 849 4685 ¹¹²
868 4656 928 4716 §cpe
948 4658 970 4702 1.
1025 4654 1240 4717 lacryures2.3.
1310 4652 1438 4705 iitered.

135 4723 189 4765 Η*
203 4753 239 4801 pte
257 4746 279 4790 1.
326 4739 359 4772 ¹²²
377 4755 437 4804 tutto
459 4745 480 4789 1.
525 4741 554 4772 '²'
575 4741 711 4802 miitttbcrt
731 4744 753 4791 Ῑ.
766 4742 814 4790 sed
830 4756 897 4787 corr.
913 4740 986 4787 Hntt.
999 4746 1023 4787 et
1042 4746 1089 4788 net.
1103 4756 1134 4788 m.

212 4825 337 4876 numu
357 4826 424 4876 Ore.
445 4842 508 4876 voc.
523 4826 573 4875 ΙΙΙ.
1197 4828 1215 4889 3
