3294 5408
723 816 904 876 PROLOGVS.

235 971 323 1019 Erunt
341 969 387 1033 qui
411 983 472 1017 cum
490 965 728 1017 Exclamationem
752 968 781 1016 in
799 966 1013 1032 Pepericornum
1032 978 1094 1013 cum
1112 964 1295 1029 Panegyrico
1316 964 1349 1013 in
1369 962 1483 1014 laudem

166 1053 273 1105 ilberti
291 1068 347 1102 una
365 1053 443 1117 quasi
462 1064 544 1101 manu
561 1056 718 1115 porrectam
737 1053 926 1117 conspicient,
951 1050 1103 1099 infacetum
1128 1047 1270 1099 bominem
1296 1049 1404 1099 dicant
1423 1048 1481 1099 edi·

166 1144 266 1198 torem,
291 1139 335 1188 cui
358 1153 393 1186 ne
417 1154 431 1187 e
455 1153 484 1186 re
503 1135 617 1201 'quidem
642 1152 703 1185 esse
727 1135 836 1188 videtur
859 1136 994 1186 rationem
1019 1133 1224 1183 coniunctionis
1243 1133 1326 1184 illius
1346 1133 1476 1195 reddere,

168 1241 248 1290 qnam
267 1224 313 1289 qui
331 1228 476 1287 utrumque
496 1236 607 1270 carmen
626 1220 758 1286 legerint,
777 1223 837 1272 sinc
856 1223 1008 1284 interprete
1027 1221 1211 1284 cognoscent,
1232 1219 1279 1283 qni
1300 1223 1402 1270 autem
1422 1233 1477 1268 non

167 1309 276 1375 legent,
301 1307 384 1358 multe
408 1308 497 1356 minus
515 1307 587 1356 hanc
607 1306 801 1372 praefationem
820 1306 980 1371 inspicient.
1018 1302 1146 1353 Ceterum
1171 1303 1302 1368 equidem
1328 1303 1408 1354 hanc
1427 1319 1477 1369 pu·

166 1395 218 1444 tidi
238 1393 356 1443 fanatici
375 1391 431 1441 odii
450 1390 561 1456 plenam
580 1384 811 1441 exclamationem
831 1390 949 1454 (Ibidem
968 1376 1157 1451 christianum,
1177 1388 1259 1438 immo
1272 1387 1475 1439 antichristia-

168 1495 232 1529 num
250 1476 378 1541 dixerim)
398 1477 433 1526 ab
451 1476 588 1538 flattena,
613 1480 669 1527 tum
694 1477 815 1541 quinquo
837 1481 866 1527 st
888 1474 988 1539 viginti
1013 1474 1093 1522 annis
1116 1473 1235 1534 maiore,
1262 1472 1394 1538 alioquin
1420 1488 1474 1524 nec

168 1563 363 1629 superstitiose
380 1576 432 1611 nec
451 1561 599 1610 inhumano
618 1562 725 1621 iuvene,
745 1561 827 1626 longe
846 1557 939 1608 malim
952 1574 1006 1607 non
1020 1557 1192 1623 conpositam
1205 1571 1276 1618 esse,
1297 1557 1390 1608 multo
1405 1573 1474 1609 vero

169 1648 259 1712 magis
278 1647 388 1712 cupiam
406 1661 468 1698 eum
486 1661 504 1696 a
522 1646 623 1697 ceteris
640 1645 767 1696 omnibus
785 1645 913 1695 nefandae
931 1643 1083 1710 punitionis
1101 1640 1226 1707 partibus
1245 1641 1360 1693 absolvi
1377 1657 1474 1708 posse.

169 1731 315 1794 Libellum,
335 1733 359 1781 si
377 1746 426 1798 per
444 1730 574 1795 temporis
592 1731 728 1780 rationem
748 1730 885 1791 licuisset,
907 1729 986 1794 quasi
1004 1726 1105 1777 malam
1124 1727 1335 1778 adnotationem
1355 1727 1392 1777 ad
1411 1727 1472 1792 pul·

170 1818 228 1868 chri
246 1816 416 1882 Pancgyrici
432 1816 533 1866 malam
552 1821 660 1881 partem
679 1831 740 1880 ques
758 1815 792 1866 de
810 1816 997 1881 Pepericerne
1017 1813 1089 1877 agit,
1114 1812 1276 1878 posuissem.
1315 1813 1360 1862 De
1379 1812 1473 1877 primo

170 1904 229 1953 eius
248 1901 372 1967 exemplo
391 1899 493 1965 (indic.
507 1900 636 1967 bibliogr.
652 1901 731 1951 Hutt.
744 1916 771 1949 n.
786 1901 834 1950 IX.
850 1899 893 1961 l.)‚
913 1898 983 1963 quod
1001 1898 1121 1948 nondum
1139 1897 1233 1948 videre
1253 1897 1323 1947 mihi
1336 1899 1472 1965 contigit,

170 1987 340 2051 cognominis
362 1986 482 2038 loannes
510 1985 700 2048 Pfefferkorn,
733 1984 921 2046 Coloniensis,
952 1984 982 2033 in
1012 1997 1091 2048 quem
1120 1982 1273 2032 Huttennm
1303 1983 1470 2050 (Triumpb⁴

169 2072 312 2122 Reuchlin.
325 2087 369 2121 vv.
381 2068 440 2122 688.
454 2070 525 2136 sqq.)
548 2071 654 2136 pariter
678 2070 861 2121 acerbitatem
886 2083 963 2119 suam
987 2069 1073 2119 etiam
1089 2066 1165 2126 ultra
1183 2082 1264 2134 quam
1282 2067 1357 2132 qnod
1376 2069 1473 2133 postis

169 2157 251 2218 licet,
278 2155 387 2218 effudit,
412 2154 441 2206 in
464 2155 534 2206 libro
552 2156 588 2207 ab
607 2155 703 2207 eodem
721 2155 845 2206 Hutteuo
864 2153 954 2205 altera
976 2157 1056 2219 parte
1074 2151 1260 2218 Epistularum
1284 2151 1381 2202 obsce.
1402 2153 1470 2202 virr.

169 2241 270 2307 saepius
289 2245 398 2306 carpto,
424 2241 503 2292 cuins
525 2256 563 2291 au
585 2244 686 2306 praeter
710 2238 851 2305 exemplar
872 2254 959 2304 nuper
982 2253 1071 2288 meum
1089 2238 1195 2289 factum
1213 2236 1288 2287 aliud
1306 2253 1364 2287 non
1389 2241 1472 2287 extet

170 2328 273 2389 nescio,
288 2324 403 2378 delenit
415 2324 508 2390 anns.
519 2321 616 2387 atrei.
630 2323 658 2392 [i.
673 2342 698 2376 e.
712 2322 797 2390 lala]
813 2329 841 2375 et
859 2325 964 2390 scripto
978 2329 1006 2375 et
1019 2324 1093 2375 edito
1111 2323 1186 2384 (narn
1199 2322 1245 2387 qui
1257 2321 1364 2387 primns
1377 2338 1472 2372 meum

171 2409 323 2475 exemplum
346 2410 482 2475 possedit,
507 2411 534 2460 ei
557 2425 587 2461 se
607 2427 632 2461 a.
647 2409 722 2460 15111.
741 2425 909 2475 conparasse
928 2409 1096 2474 inscripsit),
1120 2406 1263 2473 quadratae
1286 2407 1400 2469 formae,
1427 2408 1471 2458 sic

168 2498 302 2561 inscripto
326 2495 441 2560 primite
464 2493 561 2557 socru
581 2491 585 2559 Ι
605 2495 865 2560 nutricantibus
893 2494 1003 2558 tancies
1026 2489 1208 2557 strimianltrs
1229 2491 1354 2554 stitture
1387 2492 1472 2549 oirsr

168 2583 245 2644 rsl'us
264 2587 289 2630 et
300 2597 322 2630 c.
341 2596 403 2647 pag.
418 2579 502 2645 aiiij·
520 2582 593 2631 hanc
618 2580 823 2631 memorabilem
846 2585 955 2642 notam,
980 2578 1105 2629 omnibus
1124 2578 1171 2642 qui
1187 2574 1277 2627 adbuc
1295 2576 1331 2627 de
1356 2577 1401 2627 bis
1427 2594 1472 2628 re·

170 2666 220 2715 bus
247 2666 420 2730 scripserunt
438 2667 575 2731 ignotam,
601 2665 726 2730 reliquit:
747 2659 881 2729 jurandus
899 2665 950 2718 aui
967 2665 998 2728 rs
1015 2660 1137 2728 fissilis
1154 2659 1232 2713 litem
1248 2671 1303 2734 ,arn
1322 2660 1471 2727 mattfittra.

169 2761 269 2803 autrsrr
286 2748 369 2802 ttrite
387 2752 490 2815 turum
508 2751 565 2815 {aar
580 2751 679 2815 trudi.
693 2751 720 2802 iu
738 2751 793 2804 tuis
809 2749 892 2815 itatis
910 2763 919 2801 ι
937 2749 999 2813 misi
1017 2763 1027 2801 ι
1045 2746 1152 2812 caeleste
1169 2746 1368 2800 minustire
1386 2752 1473 2801 nate·

166 2831 244 2888 titif.
259 2833 344 2887 dcam
362 2832 410 2889 nit
427 2838 456 2899 ιβ
474 2833 583 2902 quasue
599 2839 721 2901 aestuale
739 2837 827 2900 estune
846 2835 956 2900 riinnru
975 2833 1069 2887 leuius
1083 2872 1090 2885 .
1103 2832 1185 2898 tiraq)
1202 2834 1328 2895 nertstert
1345 2831 1409 2895 ibri
1427 2840 1473 2886 nt-

169 2920 272 2986 arnrtds
290 2921 392 2974 nubatis
405 2961 411 2972 .
424 2923 462 2973 ai.
498 2920 603 2974 Vereor
621 2921 748 2987 equidem
768 2921 846 2985 (nam
866 2923 902 2972 cf.
916 2921 970 2971 vol.
985 2921 1006 2974 1.
1019 2936 1045 2984 p.
1059 2917 1101 2968 32.
1115 2933 1155 2982 sq.
1170 2932 1241 2967 num.
1255 2915 1335 2978 XX.)
1360 2932 1397 2967 ns
1422 2933 1473 2968 ve·

170 3022 227 3056 rum
247 3006 296 3067 sit,
321 3005 459 3068 Hutteuo,
485 3007 509 3055 si
532 3021 588 3056 non
607 3007 749 3070 ‘auctore',
768 3010 862 3057 tamen
882 3006 1036 3056 ‘adsessere
1055 3003 1155 3053 iudice'
1181 3001 1216 3052 ad
1240 3003 1332 3067 ignem
1351 3001 1473 3053 damna-

169 3096 227 3141 tum
250 3096 333 3155 atque
355 3087 404 3142 ‘als
425 3091 470 3142 eis
492 3090 611 3153 frsmmrr
629 3090 716 3155 111κί11
744 3097 869 3143 exustum
892 3106 955 3142 esse
978 3088 1139 3139 furciferum
1161 3086 1293 3137 ludunum.
1331 3092 1472 3151 ceterum,

168 3180 200 3226 nt
223 3175 282 3226 alia
303 3173 384 3225 huius
407 3178 540 3240 temporis
563 3175 597 3226 ds
616 3176 781 3227 Christianis
804 3177 898 3241 pueris
921 3190 939 3225 a
961 3173 1062 3225 Iudaeis
1084 3172 1218 3223 sacrificii
1241 3186 1327 3222 eausa
1350 3171 1474 3225 laniatis

169 3262 270 3312 tetrica
289 3261 413 3311 carmina
431 3263 660 3326 narratieucsque
678 3265 857 3328 praeteream,
880 3258 1026 3310 Trebelius
1049 3274 1155 3323 quoque
1174 3256 1322 3318 Notianua,
1347 3257 1475 3309 Hutteni

82 3403 84 3408 .
169 3347 235 3397 olim
253 3351 416 3412 praeceptor,
437 3361 507 3396 anuo
524 3344 595 3396 1509.
610 3350 672 3411 post
691 3346 844 3397 encomium
862 3346 1002 3396 heroicum
1020 3344 1091 3394 divae
1104 3343 1190 3393 Anum
1209 3341 1336 3394 ediderat
1355 3342 1474 3407 ‘Pyram

162 3425 362 3483 'Marchiticam
381 3429 414 3481 de
433 3431 549 3496 pertidia
566 3431 720 3482 Iudaeorum
739 3431 844 3482 Berlini
863 3436 1045 3481 crematorum
1063 3428 1111 3479 lib.
1124 3427 1155 3478 1.‘
1175 3425 1225 3493 (cf.
1237 3425 1291 3478 vol.
1305 3426 1326 3477 1.
1340 3444 1370 3494 p.
1386 3425 1428 3479 ld.
1443 3445 1473 3481 v.

169 3517 211 3567 211.
225 3515 290 3581 sq.)‚
310 3531 400 3580 neque
418 3515 566 3566 Renchliui
584 3511 657 3582 tillim
681 3515 787 3581 minist,
812 3515 977 3570 marsubiis
994 3512 1062 3576 juti
1080 3513 1105 3579 [s
1122 3516 1183 3577 ltus
1200 3511 1419 3579 inclamitat,
1446 3531 1474 3565 a.

172 3602 244 3653 1505.
259 3602 336 3652 edita
354 3600 389 3651 ab
410 3600 511 3665 iniquis
530 3601 563 3651 de
581 3602 679 3652 Iudeis
698 3602 848 3663 erroribus,
870 3616 936 3666 quos
955 3600 1143 3650 Christianam
1161 3598 1243 3648 fldem
1262 3611 1323 3647 esse
1342 3600 1404 3648 tum
1422 3615 1476 3665 pn·

169 3688 280 3748 tabant,
304 3690 336 3736 ut
358 3700 429 3735 nuuc
448 3692 511 3735 srrnt
530 3687 576 3751 qui
593 3691 691 3753 putent
709 3687 798 3751 multi,
816 3686 933 3737 liberam
952 3701 1014 3735 esse
1034 3687 1153 3736 constat.
1184 3682 1248 3747 qnid
1266 3681 1338 3746 quod
1355 3682 1404 3732 his
1422 3699 1476 3735 no-

169 3775 234 3824 stris
262 3771 359 3821 disbus
386 3776 481 3836 turpes
510 3772 578 3821 istas
608 3772 719 3823 fabulas
747 3773 860 3837 recoqni
884 3771 1146 3838 persecutionesque
1170 3768 1298 3819 renovari
1321 3768 1476 3820 audimus?

168 3858 256 3924 ipsius
279 3854 466 3905 Psefferlrorni
489 3856 666 3908 coloniensis
696 3858 858 3907 criminibus
880 3871 1041 3921 responsum
1064 3855 1191 3904 dabimus
1214 3852 1289 3903 infra
1311 3870 1339 3920 p.
1353 3853 1418 3905 351.
1432 3872 1476 3922 sq.

168 3943 266 3992 deet
288 3941 322 3990 de
346 3940 389 3989 his
414 3941 566 3991 inmurlitiis
589 3942 676 4008 plura.
713 3942 827 3992 Ioannis
849 3942 967 3993 Henrici
984 3941 1054 3990 Maii
1077 3940 1111 3989 de
1135 3938 1252 3988 Hutteni
1281 3938 1416 4003 epistolis
1440 3941 1477 3991 de

167 4027 373 4078 Piefferkornio
391 4025 503 4091 scriptis
521 4029 708 4078 narrationem
727 4027 850 4078 dedimus
868 4027 921 4077 vol.
935 4027 956 4077 1.
971 4043 997 4091 p.
1011 4023 1053 4076 33.
1067 4041 1106 4090 sq.
1119 4039 1192 4074 num.
1205 4023 1279 4075 xxi.

236 4114 333 4176 Longe
353 4110 477 4174 laetiora,
501 4114 599 4177 paucis
618 4112 762 4177 particulis
782 4113 918 4178 exceptis,
943 4112 977 4160 ds
997 4111 1165 4177 panegyrico
1184 4110 1212 4159 in
1230 4107 1342 4158 laudem
1360 4109 1479 4162 Alberti

168 4198 323 4265 Mogentini
340 4195 519 4261 praedicanda
538 4205 639 4259 essent,
659 4199 713 4247 nisi
732 4214 793 4247 crim
812 4204 873 4263 post
891 4212 926 4246 ea
944 4212 1001 4261 quae
1020 4193 1257 4260 interpretationis
1276 4208 1366 4244 causa
1387 4195 1479 4247 adno-

169 4286 227 4335 tavi
246 4283 411 4349 praefationc
431 4297 491 4330 mea
509 4297 563 4332 non
582 4299 664 4347 egere
682 4289 816 4348 putarem.
840 4282 873 4332 de
887 4283 1003 4331 Hutteni
1023 4286 1116 4331 autem
1134 4278 1336 4344 Deploratioue
1355 4281 1388 4330 in
1408 4299 1479 4347 gen-

168 4369 227 4420 tilis
249 4369 291 4418 sui
314 4367 456 4416 interitum
481 4382 514 4415 ac
537 4367 570 4415 de
589 4369 739 4434 Triumphe
757 4367 904 4418 Renchlini
928 4366 1116 4433 peculiaribus
1138 4363 1352 4430 prmlationibus
1377 4366 1478 4419 dicere

168 4456 257 4506 visum
276 4459 327 4505 cst.
