3294 5408
170 396 293 434 EV'H'BUI
306 395 343 432 AD
356 396 436 432 CBO'I'.
452 394 564 431 oveten.
579 394 614 429 m:
629 395 715 430 STATV
729 395 794 430 ΒΟΙ.
808 395 902 430 BPlGB.
939 395 968 429 iil
983 395 1109 438 qvinovn
1122 393 1239 431 GALLO&
1275 364 1345 438 28¹

215 544 217 548 ’
266 550 359 622 Quam
381 551 450 612 licet
471 558 636 630 expugnet,
659 549 727 610 licet
749 551 794 611 bis
817 552 968 629 pervincat
991 551 1147 619 inarmis,

350 654 406 714 Aut
428 653 543 742 quitlris
565 653 665 724 iaciat,
689 671 748 712 non
772 672 805 713 ea
829 651 915 732 culpa
938 670 1002 714 mea
1024 658 1076 713 est.

203 837 250 898 10.
612 840 660 890 AD
679 838 838 890 EOSDEM.

265 960 352 1022 Orati
374 979 493 1040 pacern,
517 959 608 1029 Galli,
631 961 771 1038 oravique
793 958 932 1029 salutem,

350 1063 410 1124 ‘Nc
432 1062 535 1124 solum'
558 1062 631 1132 dixi,
656 1062 793 1140 perdite,
818 1063 947 1141 quinque
971 1042 1038 1121 viril

266 1164 446 1236 Quinetiam,
470 1164 578 1243 ollendi
601 1165 669 1245 quia
692 1164 732 1224 nil
756 1183 820 1232 ros,
843 1164 970 1244 parcite,
994 1162 1085 1233 Galli,

241 1287 252 1327 i
352 1266 437 1330 Caede
462 1268 522 1328 iera
546 1267 664 1328 innocui
687 1268 837 1345 sanguinis
860 1284 923 1327 esse
945 1267 989 1326 rei
998 1266 1014 1324 l'

244 1369 325 1431 ¹Nec
348 1369 446 1430 inultae
468 1368 585 1431 valuere
607 1387 728 1448 preces,
751 1371 894 1447 promissa
917 1366 1018 1428 salutis

350 1473 473 1534 lnuocui
496 1491 594 1533 rnores
616 1491 671 1533 nec
694 1490 838 1550 peperere
862 1470 945 1539 nribi;

266 1572 341 1644 Quin
359 1585 486 1635 ‘morere
494 1574 510 1634 l'
527 1593 603 1635 rinus
619 1576 673 1644 ait,
691 1574 797 1635 ‘Cusar
812 1582 840 1634 te
856 1572 913 1633 boc
929 1572 1065 1643 vulnero,
1083 1575 1179 1634 Caesar

240 1697 252 1736 n
353 1674 502 1738 ‘bnmolat
525 1674 553 1738 ct
575 1677 662 1737 morti
685 1676 773 1736 trutlit
795 1694 895 1736 arnoro
918 1673 982 1735 sui'.
1072 1658 1074 1662 Α

207 1860 248 1917 11.
351 1920 356 1930 ,
612 1863 661 1912 nn
680 1863 837 1914 uosouur.

264 1982 388 2054 invitus,
412 1982 501 2055 Galli,
527 1983 676 2045 vobiscum
700 1985 776 2046 banc
799 1938 924 2046 conbrb
947 2002 1091 2062 pugnam:
1167 1991 1168 1994 ’

350 2087 381 2147 Si
402 2085 487 2157 libet,
512 2095 648 2166 expertes
671 2088 759 2148 ceorlis
780 2087 887 2148 habete
910 2104 1028 2156 manus,

265 2185 357 2248 Caedis
379 2188 484 2250 babete
507 2208 625 2260 manus,
650 2209 704 2250 nec
727 2191 881 2251 melanito
904 2207 968 2250 esse
991 2194 1163 2256 nocentem,

239 2309 252 2349 t
291 2345 298 2356 ,
351 2290 425 2351 Dum
448 2293 531 2371 capio
554 2299 650 2352 vestro
673 2292 794 2353 forsitan
817 2311 897 2353 arura
922 2290 1008 2351 malo.
1063 2326 1071 2353 t

265 2392 315 2452 Sin
339 2401 384 2454 cst
404 2393 453 2455 illa
476 2397 534 2455 mei
556 2397 618 2455 sitis
639 2397 807 2474 importuna
831 2395 961 2463 cruoris,

350 2494 387 2555 Ut
409 2503 530 2575 tangant
552 2477 781 2575 nullae'poctora
806 2495 900 2556 vestra
924 2514 1043 2574 preces,

239 2600 246 2613 '
266 2596 328 2657 lam
350 2599 489 2677 quirlclarn
512 2601 575 2678 ipse
598 2619 687 2660 uranu
710 2599 825 2660 audebo
849 2607 1011 2676 contraque
1033 2601 1185 2668 resistam,

239 2718 253 2757 a
353 2699 527 2762 lntlecorcm
549 2720 586 2761 ue
610 2703 675 2780 quis
697 2701 776 2762 dieat
797 2701 893 2762 obisse
916 2719 1037 2772 uecem3

265 2801 401 2868 Audebo,
425 2811 454 2863 et
476 2805 615 2882 quoniam
638 2805 746 2865 iustum
770 2811 836 2864 aitte
855 2818 1034 2883 {equumque
1057 2805 1194 2884 poposci,

350 2904 415 2964 Non
438 2904 554 2966 llectum
576 2898 642 2985 post
665 2906 719 2966 bac
742 2904 882 2966 ulteriore
905 2924 1008 2983 prece:

265 3004 332 3066 Este
354 3014 451 3068 autem
475 3026 623 3069 memores
645 3009 714 3087 quid
737 3009 850 3087 possint
872 3008 972 3088 sasque
994 3010 1150 3088 notasque,

228 3129 252 3168 12
351 3110 444 3189 Atque
466 3110 618 3170 bominum
642 3129 744 3171 curum
767 3110 877 3171 credite
900 3109 1011 3172 bubone
1035 3111 1121 3180 deos,

265 3209 340 3270 Tum
364 3230 433 3273 roro
456 3214 600 3274 itnrnenso
624 3215 700 3273 sires
723 3212 848 3291 gliscere
871 3211 984 3292 periclo

348 3313 385 3373 Et
406 3292 569 3394 desperatis
591 3334 669 3394 saepo
692 3316 788 3376 relliro
811 3317 912 3376 clenni!

201 3496 245 3554 12.
377 3503 425 3554 ΑΙ)
445 3503 487 3553 St}
507 3502 616 3553 IPSVM
635 3503 764 3553 EODEM
784 3505 820 3554 IN
839 3504 1032 3554 l‘ElthVhO.

266 3623 365 3701 Usque
387 3623 499 3684 adeone
522 3625 597 3684 mori
619 3625 760 3684 iniserurn
784 3628 846 3685 esti
870 3626 957 3684 timor
973 3626 1068 3685 ornrtis
1083 3624 1186 3685 abesto

351 3726 438 3786 Forte
461 3725 569 3805 aliquid
592 3745 692 3786 secum
716 3734 815 3787 nostra
840 3729 923 3787 ruina
947 3726 1052 3788 trahet.

264 3828 310 3887 blo
332 3831 426 3907 patiar
449 3827 548 3888 Gallos
570 3838 685 3889 terrere
708 3828 753 3889 bis
776 3829 896 3889 roribus
919 3828 1010 3897 ultra,

239 3948 250 3985 r
351 3929 479 3992 Convelli
501 3933 612 4008 ignavis
634 3933 696 4009 ipso
720 3941 865 4011 puterqne
888 3932 993 3992 minist

266 4033 321 4090 lint
344 4032 395 4092 nbi
417 4035 567 4112 proposita
591 4041 634 4095 est
656 4053 737 4094 mors
760 4042 788 4093 et
812 4036 877 4110 l'ngn
902 4036 1004 4094 nrortis
1026 4035 1177 4113 adempta,
1215 4082 1218 4087 -

349 4137 506 4195 Armorum
529 4139 670 4198 misorum
695 4139 720 4197 ri
744 4137 883 4221 cecidisse
907 4139 1024 4213 putem?

265 4239 341 4308 Quin
364 4238 426 4297 inec
450 4257 507 4299 una
530 4239 600 4298 mibi
624 4240 722 4318 potius
744 4239 846 4300 solatia
870 4241 986 4308 intortis,

239 4362 251 4397 s
350 4341 387 4400 tn
409 4342 486 4401 iuvat
508 4341 560 4403 bas
583 4344 671 4420 igitur
694 4343 877 4419 praecipitere
901 4361 1008 4403 moras.

266 4442 324 4504 Vos
346 4450 435 4503 testes
456 4446 539 4522 prius
563 4453 639 4511 uste,
664 4444 726 4514 dei,
751 4444 933 4504 ferrearum
957 4451 1107 4513 coactum,

349 4545 437 4607 blulta
461 4546 534 4607 alloo
557 4545 656 4607 Gallos
677 4548 889 4625 praemonuisse
910 4547 975 4617 illu,

62 4682 126 4690 ...-
133 4684 264 4690 —-.----

132 4765 171 4816 ll,
203 4765 224 4800 ¹⁸
242 4767 358 4834 gliscere
376 4773 440 4818 male
457 4785 506 4834 pro
525 4767 653 4834 gliscere.
671 4775 755 4834 possis
774 4769 903 4820 crevisse.
