3294 5408
262 395 385 433 3333333
399 395 429 431 ru
442 393 640 429 333333333333
653 393 839 429 3333333333
851 393 973 430 acnuam
986 394 1191 432 33333333333.
1297 364 1371 437 371

281 552 334 614 1113
356 551 516 611 Ariovistus
539 548 691 611 Gallorum
714 549 857 610 victorin
882 551 971 610 armis
1210 549 1373 587 137313313-

228 654 373 716 33313331
396 670 488 731 33333
510 653 681 731 spernitque
704 652 836 722 bostem,
861 670 920 712 non
943 654 1057 730 spernit
1079 655 1207 717 amioum

280 756 461 824 Ronratrum;
486 772 645 833 conspersa
669 753 748 814 vides
772 753 952 834 collectaque
975 755 1083 834 passim

280 860 416 937 Agmina,
441 859 605 919 Gernrauos
628 857 755 934 equites:
779 856 833 917 lios
856 857 952 917 Caesar
975 859 1004 917 in
1028 859 1142 918 omneis
1180 856 1370 940 lffi‘ffsslffissm

281 963 388 1022 Secum
411 961 470 1038 agit
493 966 628 1026 eventus,
652 958 697 1019 bis
720 978 752 1019 se
775 960 943 1027 committit,
967 961 996 1019 iu
1018 958 1086 1020 unis

279 1065 368 1142 Spem
391 1061 468 1122 locat
490 1061 535 1120 his
558 1063 699 1139 ponitque
722 1061 826 1130 iidem,
850 1068 892 1130 te,
916 1060 1023 1132 Gallia,
1047 1062 1122 1122 vinci

229 1186 268 1230 ru
284 1165 348 1226 Non
372 1164 476 1244 pudet.
501 1171 530 1223 at
551 1161 671 1240 puduit,
695 1170 809 1223 terrent
831 1164 979 1224 Germana
1003 1164 1161 1225 Britannos

280 1266 407 1334 seruilia,
432 1266 578 1345 Hispanos
599 1273 716 1334 arcent,
741 1265 941 1344 pugnantibus
963 1265 1019 1327 illis

281 1368 440 1448 Splendida
463 1367 630 1429 Pharsalico
654 1375 736 1446 parta
761 1375 805 1429 est
827 1368 946 1429 victoria
970 1387 1085 1449 campo.

281 1471 334 1533 Hic
357 1470 506 1548 indignato
530 1477 648 1550 pontem
673 1488 854 1550 consurgere
877 1470 981 1532 Rheno
1270 1468 1374 1549 10313707

282 1575 384 1634 Cernis
407 1580 435 1633 et
456 1574 600 1634 Ausonias
623 1575 685 1652 ripa
708 1572 848 1634 ulteriore
871 1573 1022 1642 cohortem

231 1676 356 1737 reclude
379 1674 509 1744 hostum,
534 1694 621 1754 quern
645 1693 681 1736 ue
706 1676 832 1737 inveniat
853 1676 952 1745 timet,
975 1676 1071 1737 indico
1094 1679 1200 1756 quaerit

280 1777 373 1839 Nocte
397 1778 479 1838 ferox
502 1777 592 1837 Italus
614 1796 780 1856 vacuosque
804 1778 940 1855 indagine
963 1785 1079 1839 montes

281 1880 414 1948 Lustrat,
438 1880 499 1940 adit
520 1879 613 1959 sylvas
636 1887 723 1958 atque
746 1880 830 1940 obvia
853 1889 955 1959 tesqua
979 1878 1105 1942 lacessit.

281 1983 368 2043 Parte
392 1981 445 2042 alia
469 1980 592 2042 collecta
616 1983 693 2042 acies
716 1983 862 2043 Germana
886 1982 941 2043 sub
964 1982 1057 2043 bostis

282 2083 420 2144 Considet
441 2084 614 2154 adventum,
639 2082 719 2154 ‘Quo
742 2103 820 2145 nunc
843 2087 902 2146 ruit
923 2082 1005 2145 illel'
1029 2085 1143 2147 Suevus

230 2207 268 2246 333
284 2186 434 2247 Exclamat
456 2203 646 2265 pugnamque
669 2189 757 2266 petit:
781 2196 813 2248 tu
835 2186 953 2266 Belgica
977 2194 1089 2256 castra,

282 2288 393 2359 Casan,
417 2289 481 2349 adis
504 2288 658 2369 Celtasque
682 2290 733 2351 tibi
755 2288 952 2350 succumbere
973 2297 1082 2351 suctos.

280 2393 317 2451 11
338 2398 370 2451 13
392 2408 452 2450 333
475 2392 579 2453 iisdem
603 2393 682 2462 lutis,
706 2410 765 2452 non
789 2394 908 2453 numine
931 2391 1054 2463 eodem,
1248 2391 1373 2474 l3¹¹⁵¹²²¹l⁸⁸

1285 2443 1333 2470 ΙΜ.

78 2546 281 2559 --.-

80 2629 177 2681 Caecili
195 2628 302 2680 Metelli
320 2629 468 2695 Papirique
487 2629 623 2679 Carbonis
642 2632 678 2693 (3.
692 2630 763 2693 ott.)
782 2645 867 2695 usque
887 2630 921 2679 ad
940 2645 1060 2695 pugnam
1078 2630 1107 2680 in
1126 2632 1232 2696 campis
1251 2632 1374 2682 Raudiis.

79 2714 105 2764 d.
119 2714 162 2766 30.
174 2715 225 2765 131.
240 2730 311 2765 coss.
324 2716 415 2766 Mario
433 2716 465 2765 V.
479 2713 515 2764 Μ’
529 2714 641 2779 Aquilio
660 2715 697 2779 (a.
711 2715 782 2777 una.)
801 2721 962 2781 pugnatam.

146 2798 180 2831 ⁷³⁰
198 2801 364 2850 Ariovistum
383 2800 579 2850 Germanorum
596 2817 691 2864 regem
712 2800 752 2850 ita
771 2801 874 2864 passim
893 2804 1021 2864 agentem
1040 2815 1073 2849 33
1095 2799 1253 2865 loquentem
1272 2794 1374 2852 descri-

79 2884 122 2935 1311
141 2886 206 2935 Cres.
219 2885 252 2935 B.
266 2884 298 2935 G.
313 2886 335 2935 1.
348 2885 390 2936 31.
404 2900 476 2949 sqq,
502 2890 532 2933 ut
554 2884 636 2934 velim
661 2884 744 2934 nolim
763 2885 932 2934 Francisous
950 2884 1143 2950 Sickiugeusis
1164 2885 1193 2934 in
1217 2886 1374 2935 memoriam

80 2975 234 3021 revocetur.
287 2968 321 3002 ⁷¹²
339 2970 456 3032 „Caesar
508 2970 632 3034 praelium
647 2975 773 3033 equestre
788 2969 947 3029 committit3
966 2968 1157 3018 laborantibus
1170 2970 1225 3019 iam
1238 2971 1295 3020 suis
1309 2971 1374 3020 (133-

81 3070 176 3106 manos
204 3056 312 3120 equitas
336 3055 448 3105 circiter
467 3053 514 3102 CD
534 3054 686 3116 submittit,
712 3069 779 3118 quoa
803 3054 838 3103 ab
862 3054 942 3103 initio
965 3068 1059 3103 secum
1081 3053 1185 3104 habore
1204 3055 1373 3105 instituerat.

81 3155 174 3190 eorum
191 3140 324 3206 impetum
344 3138 418 3189 Galli
437 3138 575 3189 sustinere
594 3154 647 3188 non
672 3144 833 3204 potuerunt,
859 3143 942 3202 atque
965 3138 994 3188 in
1018 3139 1113 3204 fragam
1136 3140 1258 3189 coniecti
1281 3140 1374 3190 multis

81 3224 190 3274 amissis
208 3240 238 3275 33
258 3225 293 3274 ad
312 3239 411 3290 agmen
429 3227 620 3289 receperuut”.
644 3225 709 3274 cac.
722 3225 752 3274 B.
768 3223 800 3273 G.
814 3224 876 3272 VII.
892 3222 930 3274 13.
1000 3221 1034 3254 ⁷⁴⁷
1057 3223 1234 3289 Pompeianae
1253 3224 1373 3274 Pharsa-

81 3309 143 3359 11333
163 3308 257 3359 clades
276 3307 423 3374 311133.
439 3325 462 3359 3.
479 3306 576 3358 33106.
629 3307 662 3341 ⁷⁴⁸
679 3310 745 3374 Ipse
766 3309 830 3359 0333.
845 3309 876 3358 B.
891 3307 923 3356 G.
937 3308 984 3358 IV.
1000 3307 1039 3357 17.
1054 3312 1166 3373 pontem
1183 3309 1213 3358 in
1231 3309 1313 3360 Ubiis
1331 3310 1373 3360 la-

81 3398 154 3443 ctum
167 3394 309 3444 describit.
324 3394 361 3443 31.
375 3394 421 3446 VI.
434 3393 458 3443 u.
472 3394 558 3458 Aquae
572 3399 678 3458 guttam
691 3395 720 3443 in
734 3393 857 3443 Rhenum
871 3392 1038 3443 effunderem
1056 3394 1080 3442 31
1098 3391 1133 3444 (13
1151 3408 1181 3442 33
1199 3395 1300 3444 1311333
1319 3395 1374 3446 dis·

81 3483 178 3544 putata
195 3477 256 3527 111.
270 3478 375 3543 aliquid
395 3479 564 3528 adnotarem.
610 3477 644 3510 ⁷⁶¹
664 3478 760 3528 ‘saltus
773 3492 971 3542 nemorosaque
990 3483 1089 3543 133333
1106 3478 1143 3528 Et
1154 3476 1260 3529 3113337
1274 3480 1373 3532 Lucan.

80 3563 180 3615 Phara.
192 3564 239 3613 VI.
252 3562 294 3612 41.
308 3578 348 3627 sq.
402 3562 436 3595 ⁷⁵³
455 3565 581 3626 „Quibus
601 3564 684 3614 rebus
703 3563 799 3613 Caesar
817 3563 995 3614 vehementer
1013 3568 1164 3613 commotus
1182 3566 1374 3615 maturandum

80 3648 136 3698 sibi
155 3648 335 3709 existimarit,
354 3663 388 3697 nc
408 3648 432 3697 si
450 3664 522 3700 nova
540 3664 637 3699 uranus
656 3651 805 3699 b'uevorum
825 3664 884 3697 cum
903 3647 1044 3698 3313311333
1062 3648 1151 3713 copiis
1164 3648 1295 3699 Ariovisti
1312 3664 1374 3701 3333

81 3734 281 3791 coniunxisset,
301 3734 390 3782 minus
410 3732 494 3783 133113
513 3735 606 3783 resisti
625 3740 726 3799 posset.
764 3737 862 3799 ltaque
882 3750 910 3784 33
931 3733 1112 3782 frumentaria
1131 3747 1212 3798 quam
1231 3733 1375 3786 celerrime

81 3819 170 3884 potuit
193 3823 346 3883 conparata
370 3819 479 3882 magnis
502 3819 650 3869 itineribus
675 3821 709 3870 ad
733 3820 901 3870 Ariovistum
925 3818 1097 3872 contendit''.
1119 3821 1184 3871 Coea.
1204 3819 1237 3868 B.
1252 3819 1284 3870 G.
1298 3819 1320 3871 1.
1333 3819 1376 3871 37.

80 3900 115 3935 '⁶⁴
131 3902 216 3953 Suari
233 3905 259 3953 ia
275 3918 355 3967 marg.
369 3918 415 3952 om.
430 3907 455 3953 3.
508 3901 542 3935 717
560 3906 602 3953 De
621 3904 744 3955 Arminio
763 3905 939 3971 Varianaque
958 3906 1038 3956 clade
1057 3907 1086 3955 in
1103 3920 1162 3971 sqq.
1176 3903 1294 3954 maxime
1305 3902 1377 3954 Peu-

81 3988 218 4054 tingernm
237 3986 370 4050 (Sermou.
386 3988 533 4051 convivat.)
552 3995 664 4040 secutus
683 3996 739 4051 331,
759 3990 806 4054 331
829 4005 880 4041 sua
898 3997 1000 4055 preater
1017 3989 1130 4042 Florum
1149 3989 1296 4039 maximam
1314 4005 1376 4054 par·

79 4078 138 4122 tem
156 4088 189 4122 ex
208 4071 310 4122 Ottone
324 4072 444 4137 b'rising.
457 4073 508 4123 111.
521 4075 547 4123 4.
562 4078 590 4123 et
608 4091 641 4125 ex
655 4075 743 4126 Celtis
760 4075 887 4125 versibus
906 4075 999 4126 habet.
1036 4091 1100 4125 nam
1118 4076 1160 4126 sic
1179 4074 1227 4124 ille
1246 4089 1301 4124 nou
1319 4075 1376 4124 evi-

80 4162 142 4207 tata
166 4157 329 4207 confusione
354 4155 473 4206 cladium
491 4159 623 4209 Varianae
641 4161 867 4226 Hungaricaeque
891 4160 935 4212 die
955 4161 982 4210 S.
1002 4160 1148 4210 Laurentii
1173 4175 1199 4210 a.
1212 4157 1272 4209 11135.
1291 4173 1376 4224 prope

81 4241 234 4308 Augustam
258 4257 275 4291 a
300 4242 445 4292 Germanis
468 4242 593 4294 hostibus
617 4245 688 4305 suis,
719 4246 850 4295 Romanis
874 4245 961 4303 illius,
992 4245 1130 4297 Avaribus
1153 4245 1211 4294 sive
1235 4243 1377 4307 Hungaris

79 4326 175 4388 huius,
198 4325 362 4376 inlaturum:
387 4326 540 4387 „Germani
565 4333 663 4394 postea
682 4329 812 4392 Quintilii
830 4330 900 4380 Vari
917 4329 1062 4380 libidinem
1081 4334 1109 4379 31
1126 4327 1284 4394 superbiam
1302 4327 1377 4378 haud

80 4426 161 4462 secus
180 4426 262 4476 quam
280 4411 415 4462 saevitiam
439 4412 529 4463 odisse
555 4419 698 4480 coeperuut
721 4419 749 4464 st
767 4415 891 4465 Arminio
914 4414 984 4465 duce
1009 4415 1093 4465 armis
1116 4414 1252 4479 correptis
1275 4414 1376 4464 3331333

81 4501 145 4544 sunt
163 4496 239 4578 11331.
247 4501 304 4546 1333
322 4494 460 4561 legiones:
484 4497 552 4547 nihil
578 4514 612 4548 33
631 4499 707 4548 333313
726 4515 776 4564 por
793 4499 909 4566 paludes
928 4514 1030 4564 perque
1049 4498 1136 4549 silvas
1154 4497 1310 4559 cruentius,
1334 4499 1375 4547 ni-

80 4580 119 4630 1311
138 4580 318 4631 insultatione
336 4582 516 4632 barbarorum
535 4583 744 4645 intolerantius,
764 4585 904 4649 praecipue
923 4589 1018 4634 tamen
1035 4585 1065 4633 in
1083 4596 1229 4633 causarum
1246 4586 1376 4646 patronos

129 4666 214 4731 ipsius
233 4681 339 4730 qnoque
358 4666 480 4716 consulis
500 4683 612 4733 corpus,
632 4668 704 4733 quod
721 4668 837 4719 militum
856 4670 948 4735 pictas
966 4669 1041 4718 humi
1061 4667 1218 4729 abdiderat,
1238 4666 1376 4726 effossum,

81 4750 193 4816 aquilas
212 4752 297 4801 etiam
316 4752 385 4802 duas
402 4752 516 4803 barbari
534 4752 729 4818 possederunq
754 4755 865 4804 tertiam
888 4754 1021 4820 signifer,
1047 4752 1207 4819 priusquam
1229 4752 1258 4802 in
1280 4767 1378 4804 manus
