3294 5408
311 404 435 442 ΠΥΤΤΕΜ
448 404 485 439 ΔΙ)
498 399 855 439 ΟΕΕΔΒΕΙΜΑΧῘΚΠᾸΑΠΙ
868 397 1088 434 ΙΡῙΒΒΔΙΙΗἾΙ
1101 396 1195 433 trun.

312 561 343 621 ln
367 560 464 622 clades
486 560 604 637 Europa
626 576 708 624 snas:
732 553 897 634 respublica
920 554 1044 624 Christi,

312 663 376 724 lleu
399 663 519 723 nimium
543 678 647 721 secura
669 660 728 729 sui,
751 660 811 719 ruit
832 660 862 717 in
883 675 935 718 sua
958 672 1091 736 praeceps

286 765 446 835 eviscere,
471 761 674 841 crudeleisque
698 763 755 822 ciet
775 760 941 821 miseranda
964 757 1121 820 tumultus:

312 867 414 927 Onrrris
436 869 464 926 in
488 863 599 925 ltaliam
623 864 715 925 tendit
738 863 836 931 luror;
860 864 922 940 ipse
944 861 1071 921 minatur

315 968 490 1029 Horrisrcam
515 967 596 1026 Latio
619 973 747 1044 stragem
770 965 931 1034 SaturnuS,
955 971 984 1024 et
1005 969 1069 1023 atro

314 1071 463 1149 lncrepuit
484 1069 608 1130 Martem
631 1069 754 1135 iutuitu;
777 1067 856 1128 biars
878 1084 959 1127 arma
982 1082 1143 1144 necesque,

314 1173 514 1249 Sanguineum
537 1169 656 1230 molitur
678 1188 769 1249 opus:
792 1188 867 1230 saara
890 1168 988 1228 omnia
1010 1174 1154 1244 regnant·

278 1294 302 1334 ro
317 1274 466 1334 Concessit
488 1273 525 1333 de
547 1273 610 1332 inre
633 1289 686 1332 suo
709 1271 900 1350 graditurque
922 1277 1085 1331 retrorsum

314 1376 440 1454 Iupiter,
463 1383 492 1436 et
514 1383 607 1434 toturn
630 1374 678 1434 dat
700 1373 814 1435 acerbis
837 1370 968 1434 cladibus
990 1389 1113 1439 annuam:

314 1477 405 1557 ldque
428 1476 501 1538 adeo
525 1483 657 1537 metuens
680 1483 708 1536 et
730 1493 789 1535 non
812 1477 914 1552 ignara
937 1475 1027 1536 turturi

315 1578 364 1638 Bis
386 1581 459 1657 petit
480 1578 639 1639 obscurum
662 1585 691 1638 et
713 1577 865 1638 conditae
887 1577 968 1638 Luna
991 1575 1137 1646 tenebris;

315 1681 381 1760 lpse
404 1699 521 1760 quoque
544 1680 678 1769 obducta¹
692 1679 780 1758 pallet
801 1679 951 1758 ferrugine
972 1679 1073 1741 irater.

279 1805 302 1844 rs
317 1782 374 1842 Tot
395 1784 486 1859 signis
508 1801 651 1843 monuere
675 1782 736 1843 dei:
760 1782 969 1861 praesensimus
991 1799 1108 1852 omnes,

315 1884 395 1945 Cavit
416 1901 504 1944 nemo
526 1883 651 1954 malum;
674 1884 726 1944 sed
747 1902 803 1944 nec
825 1884 955 1963 potuisse
977 1883 1140 1961 putandum
1162 1892 1221 1945 est:

317 1987 442 2047 Antores
464 1986 502 2047 dii
526 1986 616 2047 cladis
639 1995 667 2048 et
689 1983 854 2047 accusabile
877 1986 979 2045 latum.

317 2089 394 2149 Ecce
417 2107 488 2167 ergo
510 2091 606 2150 aerias
628 2091 689 2150 ruit
711 2088 766 2149 hac
789 2107 805 2149 a
829 2094 914 2168 parte
936 2105 990 2166 per
1012 2087 1111 2167 lllpeis

316 2190 452 2251 Ellusura
476 2193 589 2251 omneis
611 2194 719 2253 iterum
742 2192 899 2252 Germania
922 2192 1014 2260 vires,

277 2314 304 2356 ao
318 2292 566 2371 Substitityiratus
587 2292 710 2355 Veronae
732 2293 769 2354 ad
792 2295 897 2354 moeuia
919 2292 1017 2353 Caesar

317 2393 350 2455 ln
374 2395 469 2455 laetias
491 2395 658 2473 speculatus
680 2413 776 2474 opes,.
790 2397 937 2473 traxitque
959 2395 1076 2456 ieroces

321 2497 491 2558 libraturum
514 2496 640 2576 pupulos
663 2506 692 2558 et
713 2505 844 2559 amantes
866 2496 942 2559 bella
966 2497 1078 2557 Sueuos

319 2598 561 2678 Francorurnque
584 2602 714 2679 equitum
737 2618 887 2679 nunquam
911 2597 1104 2679 expugnabile
1127 2599 1219 2661 robur

117 2805 124 2837 ¹
144 2807 311 2856 Franciscus
328 2804 350 2853 I.
370 2804 504 2854 Ludovioi
522 2805 584 2853 Xll.
604 2820 689 2868 gener
707 2819 915 2868 successorque,
940 2805 985 2853 cui
1008 2805 1135 2870 pontifex
1153 2806 1212 2855 Leo
1229 2806 1262 2856 X.
1282 2806 1404 2869 favebat,

118 2906 179 2940 cum
197 2890 313 2940 Venetis
337 2889 443 2939 foedera
466 2890 611 2940 renovavit
635 2889 932 2954 (u.27.1ul.a.1515.)
952 2890 1157 2958 exercitumque
1179 2890 1253 2941 ultra
1275 2892 1408 2956 quinqua·

118 2979 199 3041 ginta
223 2975 328 3024 milium
351 2990 406 3024 non
431 2974 517 3023 solum
542 2991 574 3023 ex
597 2975 715 3024 (liversis
735 2974 886 3025 Galliarum
908 2973 1035 3040 partibus
1058 2977 1107 3027 sed
1125 2976 1298 3026 Germanicis
1322 2978 1406 3026 etiam

119 3060 326 3124 Helveticiaque
345 3060 524 3109 mercenariis
544 3060 690 3109 conflatum
710 3061 738 3109 in
756 3059 868 3110 Italiam
886 3059 976 3122 duxit,
996 3060 1184 3126 Insubriaeqne
1204 3061 1335 3112 civitates
1353 3062 1406 3111 sre-

119 3146 169 3209 git.
189 3161 259 3210 pace
285 3160 345 3194 cnm
365 3144 502 3193 llelvetiis
526 3145 581 3193 iam
605 3146 748 3210 conposita
773 3144 821 3195 alii
839 3143 976 3202 Helvetii,
1001 3144 1176 3212 conpellente
1200 3146 1341 3197 cardinale
1359 3146 1407 3196 Se-

118 3230 233 3279 dunensi
252 3230 371 3280 blatthia
390 3230 554 3292 Schinnero,
578 3231 606 3279 in
627 3230 768 3280 Gallorum
788 3235 881 3280 eastra
905 3229 977 3294 apud
995 3231 1180 3281 Marinianum
1204 3231 1337 3281 invadunt
1359 3248 1406 3297 pu-

119 3330 243 3380 gnaque,
269 3330 350 3380 quam
368 3315 519 3365 Trivultius
543 3315 703 3381 giganteam
728 3315 890 3381 adpellubat
915 3319 943 3364 et
966 3322 1027 3380 post
1049 3332 1130 3381 quam
1149 3317 1291 3380 Bayardus
1315 3334 1407 3383 regern

120 3402 298 3451 Franciscum
317 3401 346 3450 iu
365 3401 487 3464 equitum
506 3402 627 3451 ordinem
646 3400 835 3466 sollempniter
852 3401 973 3466 recepit,
998 3402 1066 3453 victi
1084 3407 1148 3452 surrt
1170 3401 1208 3466 (d.
1224 3401 1262 3453 13.
1278 3401 1317 3452 14.
1331 3404 1405 3468 Sept.

121 3502 146 3536 a.
163 3486 257 3550 lata).
276 3486 431 3535 Caesariani
455 3487 518 3536 inde
543 3487 631 3552 magis
654 3487 797 3551 magisque
821 3503 854 3536 ex
876 3485 963 3536 Italia
990 3486 1200 3551 premebantur,
1230 3491 1259 3537 ut
1286 3504 1338 3537 non
1367 3489 1408 3538 ita

120 3571 202 3637 longe
221 3576 282 3635 pust
299 3585 380 3621 arnam
399 3572 535 3621 Veronam
555 3572 725 3636 optinerent‚
746 3570 844 3621 relicto
863 3569 1029 3621 Mediolano.
1100 3573 1159 3634 Que
1179 3576 1203 3622 4.
1256 3572 1267 3605 ²
1285 3574 1408 3639 luppiter

121 3660 176 3708 u.7.
190 3663 216 3705 et
231 3657 269 3705 sic
287 3656 365 3716 irascar.
424 3654 435 3685 ¹
453 3656 631 3721 crudelesque
651 3660 675 3706 8.
729 3655 750 3688 ¹¹
769 3656 829 3706 dure
847 3655 918 3706 larua>
936 3655 1056 3722 eclipses
1075 3657 1233 3707 inciderunt
1250 3658 1348 3708 diebus
1369 3660 1407 3709 ltl.

123 3742 180 3791 lan.
194 3746 222 3789 et
242 3739 281 3790 13.
294 3740 345 3790 lul.
361 3758 385 3791 a.
402 3740 474 3791 talu.
490 3742 537 3790 sed
556 3741 617 3790 duae
637 3743 720 3791 etiam
740 3740 807 3792 solis
826 3741 946 3807 eclipses
964 3741 1037 3791 dieb.
1051 3742 1077 3791 4.
1091 3742 1150 3792 lan.
1165 3749 1193 3792 et
1210 3741 1409 3794 sancceias

123 3827 196 3874 unni.
268 3822 289 3856 ¹¹
308 3825 351 3875 cf.
367 3827 453 3892 epigr.
467 3824 509 3877 96.
538 3853 570 3860 —-
598 3827 640 3876 Ad
663 3826 729 3877 solis
753 3827 939 3878 delectionem
964 3844 989 3877 a.
1006 3824 1078 3876 1513.
1098 3828 1220 3892 pertinet
1245 3829 1409 3878 ‘Hermanni

122 3911 253 3960 Nuenarii
274 3910 392 3961 Comitis
411 3911 512 3975 lnclyti
531 3914 715 3977 epigramma,
741 3913 769 3962 in
794 3912 978 3964 delectionem
1002 3912 1065 3962 tolia
1087 3908 1167 3978 [eic],
1192 3917 1220 3963 et
1245 3912 1409 3963 electionem

124 3995 216 4046 Caroli
236 3997 310 4061 regis
328 3998 520 4047 Romanorum.

325 4081 445 4131 Delituit
463 4098 549 4147 nuper
568 4082 630 4132 coeli
649 4083 700 4133 sub
718 4085 825 4134 vertice
844 4082 978 4143 Pboebus,

411 4167 593 4233 occuluitque
613 4184 689 4218 suum
707 4167 813 4218 Delius
832 4170 891 4233 ipse
911 4169 999 4218 iubar.

325 4251 446 4301 Emeruit
463 4252 555 4302 subito
571 4253 693 4304 divinum
712 4253 832 4303 Caesaris
850 4258 966 4316 astrum,

411 4336 523 4402 Curaque
542 4354 612 4389 novo
631 4339 713 4388 rediit
731 4339 842 4388 Caesare
861 4337 981 4388 Phoebus
999 4354 1094 4390 ovans.

326 4421 400 4488 Ergo
419 4422 470 4472 lroc
489 4424 544 4472 ium
562 4428 684 4487 constat,
704 4438 756 4488 quo
775 4429 858 4488 pacto
876 4428 975 4488 regnet
992 4428 1118 4488 uterque,

394 4507 514 4557 Plroebus
534 4508 605 4573 apud
624 4524 751 4574 superus,
773 4509 868 4559 Caesar
886 4509 913 4557 in
932 4509 998 4558 orbe
1017 4511 1107 4574 regit!

124 4593 227 4666 legitur
238 4610 264 4659 p.
275 4592 301 4643 2.
315 4592 402 4644 libelli
417 4594 541 4658 inscripti
555 4594 663 4642 vlvn'r
680 4593 685 4658 Ι
699 4594 771 4643 REX
789 4592 793 4659 Ι
809 4592 991 4661 0111011Νᾶ
1009 4590 1013 4658 Ι
1067 4591 1164 4659 pallet]
1186 4592 1411 4659 squalleant&

126 4679 147 4712 ¹⁷
161 4679 238 4745 alpes
257 4683 280 4728 6.
289 4684 313 4728 7.
331 4679 416 4744 Alpes
429 4682 453 4728 8.
503 4677 523 4710 ¹⁹
541 4682 671 4728 omnesd.
718 4677 741 4711 ¹²
759 4679 917 4728 Rhoetorum
935 4681 995 4729 edd.
1006 4685 1107 4743 pruder
1118 4683 1143 4729 8.
1197 4679 1332 4730 amanteis
1353 4683 1410 4730 M.

126 4764 148 4795 ¹²
167 4764 345 4830 exuperabile
365 4767 423 4814 aa.
443 4778 536 4828 ersrrp.
550 4767 575 4813 8.
