3360 5414
189 354 259 427 130
277 383 400 422 annai
412 383 449 421 an
459 383 524 421 caes.
532 383 743 421 mrnrnrtnvrr
755 385 790 419 vr
801 384 914 420 eennvrr
922 384 951 419 ru
962 383 1088 420 veneres
1098 382 1215 427 renero.
1223 353 1471 421 ιιιοιτλτοιπι.
1514 400 1518 407 ,

388 540 463 602 Hinc
485 558 588 618 sparso
610 538 742 620 illyricos
764 541 884 600 vastavit
906 539 998 600 milite
1019 557 1155 618 campos,

472 641 592 704 Viribus
612 642 659 702 his
681 642 768 703 italas
790 642 878 704 Adria
900 643 1091 720 fregitopee

388 746 459 816 one
481 751 579 807 tamen
602 742 699 804 oblata
721 752 767 805 est
788 743 863 805 cirili
886 744 1002 804 occasio
1024 741 1118 812 bello,
1219 782 1227 797 ·

335 865 374 906 me
468 847 553 920 Quod
577 847 704 925 primum
726 847 881 925 ancipitem
904 845 1032 925 perdidit
1052 844 1181 907 ltaiiemr

387 948 459 1010 Pars
482 949 604 1027 decepta
627 948 702 1009 dotis
725 950 872 1010 consensit
893 951 922 1009 in
945 948 1076 1027 temnite,
1101 948 1222 1008 iruetra

471 1050 544 1111 Pars
567 1057 612 1113 est
633 1069 688 1130 pro
710 1052 804 1130 patria
827 1051 890 1112 nisa
913 1052 1031 1130 suisque
1053 1050 1144 1119 mori3

388 1151 469 1221 Ortus
490 1153 529 1214 ita
550 1153 681 1214 diversos
703 1154 805 1214 Veneti
827 1169 1003 1232 oppressere
1025 1159 1159 1222 ruentes,
1264 1166 1270 1173 ·

336 1274 374 1314 rto
469 1256 584 1333 Quique
607 1253 700 1316 hostis
722 1261 833 1317 temere
855 1254 985 1317 creditus
1007 1246 1116 1333 hospes
1138 1260 1216 1315 erat:

389 1355 432 1416 tid
454 1356 553 1417 Potavi
575 1374 693 1427 murce,
716 1359 867 1434 antiquam
889 1357 1047 1418 Antenoris
1068 1354 1190 1426 urbem,
1239 1398 1242 1403 <

472 1457 632 1530 Fulserunt
652 1457 751 1520 Marco
773 1459 925 1540 splendida
947 1460 1029 1538 signe
1052 1474 1121 1527 suo;

388 1559 478 1639 Capta
500 1559 573 1621 urbs
595 1567 653 1629 est,
677 1563 772 1641 gentis
795 1569 899 1641 caput,
923 1561 1142 1640 extinctumque
1163 1564 1310 1620 vetustum

340 1683 376 1725 ru
472 1661 524 1722 Est
547 1660 648 1723 Veneti
670 1665 788 1740 generis
810 1681 919 1724 nomen
941 1661 978 1724 ab
1001 1661 1077 1725 urbe
1099 1678 1183 1722 nora.

388 1764 536 1825 Successit
557 1762 672 1825 Verona
695 1773 800 1845 potens
823 1784 946 1845 queque
968 1765 1075 1846 oppida
1098 1765 1218 1825 circum·

473 1865 612 1942 Belligeri
634 1867 713 1946 ripas
734 1885 852 1928 murum
876 1867 1006 1928 habuere
1028 1865 1151 1927 Athesis.

390 1966 474 2029 Tune
496 1969 597 2038 otiam,
620 1966 709 2046 longo
730 1969 783 2030 sed
805 1970 927 2031 forsitan
948 1967 1116 2039 intervallo,

338 2090 376 2132 res
470 2071 541 2130 dcta
563 2077 609 2131 eet
629 2071 665 2131 ud
688 2071 824 2132 dominos
846 2070 942 2150 ampla
964 2070 1102 2131 Ravenna
1123 2087 1232 2140 notos;

389 2170 506 2233 Mantua
527 2179 637 2233 tentata
660 2179 720 2241 est,
743 2171 833 2234 subiit
855 2173 985 2235 Vicentia
1009 2170 1102 2242 beilo,

475 2273 616 2335 submisit
638 2272 750 2335 lentum
772 2274 868 2336 Brixia
891 2274 1016 2355 pulchra
1039 2280 1143 2352 eaput:

390 2374 475 2436 Nulla
498 2376 617 2455 quidem
639 2377 788 2454 antiquam
811 2379 968 2439 cinxerunt
990 2384 1085 2438 castre
1107 2365 1300 2446 Cremonam,

340 2497 377 2539 tn
473 2477 531 2539 Sed
554 2478 661 2539 misere
683 2479 765 2556 cives
783 2478 943 2541 deseruere
965 2480 1025 2548 sni;
1140 2478 1143 2483 ’

391 2579 442 2641 His
463 2579 595 2641 nondum
618 2588 750 2642 contacta
773 2580 853 2642 dedit
873 2599 906 2643 se
928 2582 1031 2643 Creme
1054 2579 1207 2660 procellis3

476 2681 547 2743 Inde
564 2681 753 2745 ,Placentinos
775 2682 867 2743 hostis
890 2682 979 2745 obivit
1000 2700 1104 2761 agros;

336 2835 342 2847 .
392 2783 513 2844 Frustra
535 2785 612 2846 aries
633 2785 742 2863 spissos
764 2785 882 2845 Mutinae
903 2784 1068 2847 convellere
1091 2801 1194 2846 muros

342 2904 380 2946 rso
476 2885 617 2956 Conatua,
640 2886 750 2948 frustra
772 2885 981 2966 Felsineosqne
1005 2886 1076 2955 init;

394 2987 483 3049 iurola
506 2996 576 3049 tunc
600 2990 708 3049 monita
732 2996 794 3062 est,
817 2987 918 3049 allecta
941 2989 1093 3059 Faventia,
1117 2989 1208 3048 sensit

477 3092 582 3152 Parme
605 3090 703 3162 doios,
726 3098 853 3152 structas
876 3090 960 3151 tortis
981 3090 1018 3151 ad
1042 3090 1175 3160 insidiam

394 3333 431 3389 Et
446 3335 511 3406 quio
533 3334 568 3390 dc
585 3336 669 3389 coriis
688 3348 756 3405 oens
777 3334 841 3397 duc
855 3335 1006 3390 (edocuerat
1022 3337 1092 3403 oris,
1201 3345 1204 3352 ·

357 3431 383 3474 su
479 3418 540 3476 Hoc
560 3420 693 3476 stoicum
723 3419 852 3475 Venetam
870 3423 977 3476 rtomine
998 3434 1095 3475 nomen
1117 3418 1205 3477 dedet.

197 3639 198 3642 ’
262 3637 293 3674 ¹⁴¹
311 3641 476 3692 Antenorea.
496 3638 569 3688 Sero.
583 3637 617 3687 od
630 3637 712 3703 Verg.
725 3637 792 3686 Aen.
807 3638 828 3687 1.
842 3636 900 3686 247.
919 3637 1085 3697 „Petusium
1104 3672 1120 3687 ..
1140 3636 1243 3687 dietum
1259 3635 1305 3687 vel
1325 3653 1343 3687 a
1354 3636 1426 3687 Padi
1442 3637 1477 3688 vi·

194 3724 324 3789 einitete,
348 3724 428 3791 queei
446 3723 612 3785 Pedanium,
636 3721 680 3772 vel
698 3713 756 3772 ἀπὸ
774 3722 825 3774 τοὺ
842 3714 997 3786 directior,
1024 3723 1093 3787 quod
1118 3714 1230 3789 captato
1249 3723 1365 3789 eugttrio
1382 3721 1479 3774 dicitur

195 3811 319 3875 condite,
343 3809 388 3860 vel
412 3808 482 3874 quod
506 3823 584 3858 nvem
608 3806 664 3857 telo
682 3807 786 3872 petisse
805 3807 906 3857 dicitnr
923 3808 1046 3857 Antenor
1064 3812 1092 3858 et
1111 3823 1143 3857 eo
1161 3806 1222 3858 ioco
1240 3806 1396 3858 condidisse
1416 3807 1481 3859 civi·

193 3899 305 3947 tutem”.
375 3892 408 3927 ¹⁴¹
427 3894 517 3958 Capta
536 3910 560 3943 a.
574 3890 648 3943 1405.
718 3889 751 3924 ¹⁴⁴
768 3892 829 3942 Non
847 3893 923 3942 urbis
944 3894 1142 3943 Patavinorum
1160 3892 1208 3943 sed
1225 3891 1320 3959 populi
1338 3906 1438 3942 nomen
1455 3893 1482 3942 in

194 3981 361 4031 Venetorum
384 3979 503 4028 transiit.
575 3975 606 4009 ¹⁴⁴
625 3993 649 4027 e,
666 3975 738 4027 1405.
807 3976 841 4008 ¹⁴¹
862 3978 997 4028 Ravenna
1014 3978 1127 4029 Venetia
1150 3993 1181 4029 ee
1204 3976 1280 4027 dedit
1298 3993 1323 4027 ι.
1338 3976 1414 4028 1441.
1438 3979 1484 4043 qni

195 4064 337 4117 ostasium
358 4064 540 4116 Polentennm
563 4061 661 4113 misere
684 4063 830 4128 deceptum
854 4062 883 4113 in
907 4062 1019 4112 exilium
1041 4065 1183 4115 miserunt.
1252 4060 1284 4094 ¹⁴⁴
1307 4057 1437 4129 Mantua]
1457 4079 1484 4114 ι.

198 4149 286 4215 lost„
304 4151 415 4201 Vicetia
438 4150 494 4199 iem
518 4165 543 4199 n.
558 4147 632 4198 1404.
652 4148 814 4199 Venetianis
837 4162 899 4198 sese
918 4147 1002 4197 dedit.
1055 4146 1090 4181 ¹⁵⁰
1106 4149 1230 4199 Brixiam
1248 4146 1487 4200 Germaniclensis

197 4237 273 4303 cepit
291 4233 405 4286 ο..1426.
440 4235 541 4285 lterum
560 4249 585 4284 e.
601 4231 673 4284 1512.
687 4233 787 4284 Veneti
806 4233 944 4284 intrarunt
967 4233 1020 4283 sibi
1042 4234 1191 4299 proditam,
1215 4232 1264 4284 sed
1285 4248 1340 4283 non
1358 4234 1487 4299 optinue-

195 4325 267 4370 rnnt.
287 4320 441 4385 „Tempore
459 4319 585 4370 divereo'’
603 4334 647 4369 rea
665 4323 759 4387 gestae
777 4319 806 4369 in
823 4333 881 4385 sqq.
899 4322 1034 4385 memoret
1053 4322 1156 4382 auctor,
1176 4318 1315 4369 etium'ed
1333 4333 1383 4370 ess
1401 4321 1490 4386 respi-

197 4419 261 4456 cere
279 4405 387 4456 ridetur
404 4419 465 4471 quae
483 4419 545 4455 cum
562 4405 678 4470 primurn
695 4403 747 4453 hoc
771 4403 986 4455 exhortatorium
1010 4418 1121 4455 carmen
1144 4405 1283 4466 ederetur,
1309 4408 1399 4470 gestae
1422 4419 1491 4456 non-

198 4488 260 4540 dnm
279 4490 397 4541 inerunt.
464 4488 495 4522 ¹⁵¹
512 4489 583 4539 Item
603 4506 620 4540 u
633 4488 949 4540 Cannaniolensiviete.
1013 4487 1046 4520 ¹⁵⁴
1064 4487 1173 4556 Creme]
1193 4505 1218 4540 e.
1234 4487 1307 4540 1449.
1372 4486 1408 4522 ¹⁴⁴
1425 4489 1491 4541 1²1·-

198 4576 321 4625 centiem
339 4575 424 4625 etiem
442 4574 620 4625 Carmaniole
639 4575 816 4640 expugnavit.
888 4573 919 4606 ¹⁵⁵
937 4575 1090 4639 Sequentia
1112 4574 1147 4625 ed
1165 4574 1267 4625 bellum
1284 4588 1346 4625 cum
1364 4574 1492 4626 Hercule

197 4659 372 4710 Ferrariensi
389 4664 495 4725 gestum
514 4677 539 4711 e.
555 4659 628 4709 1482.
641 4675 698 4725 sqq.
713 4659 874 4710 rettulerim.
927 4659 960 4693 ¹⁴⁴
977 4659 1132 4726 Felsinoos]
1153 4661 1295 4711 Bononiae.

266 4744 288 4776 ¹⁴
306 4746 367 4794 Non
384 4745 453 4796 dicit
471 4746 605 4796 Venetmn
623 4760 721 4795 nomen
741 4762 757 4794 o
776 4746 912 4796 veniendo
931 4761 1001 4796 esec.
1038 4746 1082 4797 cf.
1096 4745 1264 4811 superiorem
1282 4760 1308 4796 v.
1323 4744 1383 4795 144.
