3294 5408
164 363 234 433 152
259 391 382 429 ΒῊἮΙΙ
391 390 508 428 Auum.
516 390 727 427 mltssuunvu
737 393 772 428 V'l'
784 392 893 426 nsum
905 393 933 426 tn
945 393 1069 428 VENRTOS
1081 394 1197 437 runem.
1203 394 1450 431 unumunurn.

364 521 456 607 Causa
480 547 572 618 iuvat,
596 552 627 606 tu
650 561 723 621 coge
746 544 851 614 donnes,
876 553 906 605 ιιι
929 545 1034 622 collige
1059 549 1150 607 vires:
1239 591 1241 595 ι

451 646 624 726 Opportuna
648 646 701 707 tibi
722 644 798 705 bella
822 654 922 723 parata
945 648 1040 708 rides:

365 748 523 825 ignescunt
538 749 649 817 animi,
673 748 744 807 lurit
765 747 944 809 inllammata
966 749 1115 816 iuventus,

311 870 349 911 sas
446 849 534 910 Utere
558 848 636 928 quod
659 857 767 928 praesto
791 856 834 908 est
856 867 980 928 quaeque
1002 857 1103 927 parata
1126 851 1223 919 rides;

362 950 437 1011 Olim
460 952 550 1011 ardor
572 951 647 1011 leret
668 953 722 1010 iste
744 957 841 1018 retro,
865 950 1050 1028 flammaeque
1073 951 1229 1031 tepebunt,

449 1053 546 1130 Seque
568 1053 739 1130 interposita
761 1050 852 1112 leniet
873 1053 915 1111 ira
939 1069 1032 1112 mora.

364 1153 406 1214 Ne
429 1153 493 1213 sine
513 1152 618 1220 dilabi,
643 1154 722 1213 iuxta
746 1159 791 1212 est
812 1153 941 1219 occasio,
955 1139 1080 1223 'Caesam

313 1274 352 1314 aas
448 1255 513 1327 Quo
537 1252 673 1332 propior,
698 1253 804 1331 cupide
825 1253 882 1314 hoo
905 1255 1074 1332 arripienda
1097 1258 1206 1332 uragis3

363 1355 447 1427 Qirod
471 1356 584 1416 ratione
607 1356 671 1431 geri
694 1355 766 1432 petit
788 1356 966 1434 omninoque
989 1356 1153 1432 gerendum
1176 1365 1235 1424 est,

450 1457 617 1517 Praesertim
642 1456 792 1517 instructis
814 1462 935 1534 praestat
956 1457 1038 1518 adire
1060 1459 1136 1518 eito:

364 1559 438 1619 Nam
461 1559 486 1618 si
508 1557 585 1618 lenta
608 1564 673 1618 tuas
695 1557 841 1618 concutio
864 1556 986 1634 fregerit
1007 1559 1081 1624 iras,

313 1678 353 1718 aaa
452 1659 537 1731 Quod
559 1658 688 1719 medium
712 1665 770 1727 est,
794 1658 910 1720 Venetis
932 1665 1049 1737 tempus
1071 1659 1177 1721 oheme
1199 1662 1303 1738 putas?

363 1760 546 1838 Principium
568 1766 613 1821 est
634 1758 692 1818 illis
714 1760 872 1837 reparandi
894 1758 951 1820 hoo
973 1769 1108 1839 ternpore
1133 1760 1215 1831 belli;

446 1861 531 1921 lrrue
552 1879 641 1938 olnam
665 1862 755 1921 virtus
777 1861 903 1921 ereverit
924 1863 976 1921 ista
998 1862 1097 1938 prins;

362 1961 508 2041 Tempora
532 1961 709 2037 tlantililata
733 1963 810 2023 rioes
833 1963 964 2039 citraque
986 1961 1122 2024 lahorem

311 2082 350 2123 ooo
447 2062 643 2142 Opprimitur,
668 2083 736 2123 enm
758 2065 814 2124 iam
839 2066 983 2131 nascitur,
1008 2083 1096 2125 omne
1118 2063 1243 2126 malum:

362 2164 463 2242 Turpe
486 2173 530 2224 est
553 2168 629 2241 (eum
653 2166 757 2242 possis)
780 2166 907 2227 Venetos
930 2183 988 2225 non
1012 2167 1144 2235 vincere,
1168 2169 1253 2246 peius

447 2265 501 2325 llio
524 2265 586 2325 aliis
608 2268 632 2325 si
654 2274 683 2326 te
705 2264 807 2326 deside
830 2265 916 2326 cedat
937 2267 1049 2326 honor:

364 2366 437 2427 Narn
460 2367 517 2426 nisi
539 2375 570 2426 tu
592 2367 697 2435 laeias,
721 2368 827 2428 uisite
849 2367 924 2427 duee
946 2366 1022 2427 bella
1045 2376 1201 2444 gerantur,

312 2490 351 2528 sao
446 2467 579 2527 Forsitan
601 2469 632 2527 in
654 2466 764 2546 populo
788 2469 837 2545 qui
860 2475 944 2545 gerat
965 2467 1039 2527 alter
1062 2471 1131 2529 erit:

365 2569 408 2628 Ne
430 2569 494 2630 sine
516 2576 560 2638 te,
585 2570 696 2639 Caesar,
719 2569 830 2646 privari
851 2566 988 2628 laudibus
1011 2570 1072 2630 istis

447 2670 541 2748 Aupue
564 2668 654 2743 alium
677 2669 803 2749 palmam
826 2671 1014 2748 praeripuisse
1036 2670 1098 2730 tibi.
1177 2662 1179 2665 ’

364 2772 424 2833 lam
447 2773 529 2832 leros
550 2769 662 2831 ltaliam
685 2770 872 2832 successibus
895 2780 1020 2849 occupat
1042 2773 1133 2851 aeqnis

213 2924 218 2932 .
312 2893 350 2933 on
446 2870 561 2940 Gallus,
585 2881 614 2932 et
635 2873 664 2932 in
687 2871 777 2933 laceri
799 2872 875 2951 pelle
897 2871 991 2933 leonis
1013 2881 1094 2941 ovat,

365 2974 401 3034 lit
424 2974 478 3034 nisi
502 2979 532 3033 tu
556 2975 669 3043 nenias,
693 2968 747 3033 nisi
770 2981 800 3034 te
822 2975 1017 3034 intromittere
1041 2983 1161 3044 certes,-

358 3145 363 3155 ‚
450 3073 501 3136 llle
523 3082 591 3135 tuos
612 3074 713 3136 titulos
735 3075 913 3153 nominaque
936 3073 984 3136 ille
1007 3073 1081 3135 tulit.

365 3177 395 3236 Si
417 3183 446 3236 te
469 3174 567 3236 nullus
589 3194 672 3236 amor
695 3177 797 3254 patriae
819 3182 914 3245 tenet,
939 3184 968 3236 et
989 3176 1042 3267 tibi
1063 3183 1183 3254 praestat

310 3297 349 3337 on
445 3277 516 3338 lloia
538 3278 689 3355 inexperta
712 3296 836 3357 oarpere
858 3277 979 3346 duritie,

362 3501 447 3556 (lausa
470 3500 555 3562 iuvat,
581 3509 609 3556 tu
633 3517 700 3573 coge
723 3499 818 3563 duces,
843 3507 872 3554 tu
894 3499 994 3573 collige
1019 3500 1103 3564 vires,

447 3585 613 3659 Opportuna
628 3584 677 3640 tibi
701 3583 771 3640 lrella
793 3593 886 3658 parata
910 3584 997 3648 rides3

360 3669 423 3725 lom
447 3669 499 3725 nisi
522 3677 552 3726 tu
570 3668 672 3731 iacias,
696 3668 748 3725 nisi
771 3677 797 3726 te
820 3669 887 3725 duce
910 3668 980 3724 bella
1003 3678 1149 3743 gerantur,

308 3770 347 3811 aut
446 3755 531 3809 Forte
552 3756 613 3829 potis
635 3754 661 3808 ln
685 3753 802 3827 populo.
827 3754 872 3826 qui
892 3760 976 3825 porei
996 3755 1078 3826 illuri,
1101 3755 1167 3810 erit:

364 3838 431 3898 Nun
449 3839 507 3893 sine
531 3847 571 3900 te.
598 3838 701 3899 Caesar,
725 3838 824 3912 privari
848 3837 974 3894 laudibus
997 3839 1058 3893 istis

447 3924 538 3996 Atque
561 3922 644 3979 aliurn
667 3921 782 3996 palmam
805 3923 982 3996 proripuisse
1006 3922 1065 3978 tihi.

362 4004 415 4061 larn
439 4007 514 4062 ierus
537 4006 640 4063 ltaliam
664 4005 973 4080 suoeessibus'oeeupat
994 4007 1080 4080 equis

311 4106 351 4146 aas
448 4091 555 4154 Gallus,
579 4091 657 4147 etin
680 4091 761 4146 laceri
785 4090 856 4164 pelle
879 4090 967 4147 leonis
991 4100 1067 4153 ovat,

364 4174 396 4231 Et
418 4175 470 4231 nisi
495 4183 523 4230 tu
547 4176 651 4238 venias,
675 4175 727 4231 nisi
751 4184 778 4231 te
799 4178 976 4246 interponere
997 4185 1101 4239 certes,

445 4258 493 4316 llle
517 4269 579 4317 tuos
603 4258 699 4315 titulos
721 4259 887 4334 nominaque
909 4259 954 4315 ille
975 4259 1058 4332 seret.

361 4343 388 4400 Si
413 4352 438 4399 te
461 4343 553 4400 nullus
576 4362 652 4400 arnor
673 4344 769 4418 patriae
793 4352 881 4406 tonet,
905 4352 933 4400 et
955 4343 1007 4400 tibi
1028 4354 1142 4419 praestat

311 4443 349 4484 ata
446 4430 508 4486 (lein
533 4430 672 4504 inexperta
694 4430 793 4502 repere
815 4431 956 4496 amnone,

226 4623 258 4657 Μ
276 4624 435 4692 Igneseunt]
455 4628 562 4677 ardent.
615 4626 649 4660 ⁶⁸⁸
668 4627 798 4679 enudati,
851 4625 883 4658 ⁶⁴⁸
902 4626 991 4676 leonis
1010 4626 1117 4677 Veneti.

225 4706 259 4740 ⁸⁸⁷
276 4708 385 4760 ltaliam
404 4713 427 4760 1.
480 4710 514 4743 ⁸⁷⁰
530 4711 653 4776 titulosqj
672 4715 695 4761 1.
