3294 5408
181 390 253 460 544
287 403 465 453 ADDENDA
477 403 526 452 AD
540 402 621 455 VOL.
635 403 657 454 l.
675 399 754 454 xxv*.
767 412 996 454 caesuriem
1007 414 1140 455 menan.
1149 417 1236 453 -υι
1248 418 1486 461 evicinum

180 577 274 634 faciam
297 584 388 632 autem
411 575 532 632 debitum
556 576 665 632 nomine
688 592 765 638 meo,
788 593 842 633 non
875 585 931 633 tuo.
976 576 1013 634 Ex
1038 578 1151 638 Grecis
1178 577 1259 635 nibil
1285 594 1381 637 mem
1401 580 1485 639 struit

180 662 315 735 Georgius
338 661 371 717 ad
395 669 503 716 nostras
526 661 679 729 nondinasl
693 661 766 717 domi
792 671 880 718 tamen
904 663 984 718 babet
1007 680 1210 737 quoscunque
1236 672 1376 721 auctores
1395 665 1484 724 titi*

180 764 229 821 per
252 747 279 800 in
308 746 426 819 quodam
456 745 542 801 indice
572 746 671 802 notavi.
717 747 830 802 loannes
859 747 1029 820 llerbipolita
1059 748 1151 803 rediit
1184 748 1226 804 ab
1253 748 1335 806 Ubiis
1363 752 1485 809 eomas

179 831 278 903 insigni
307 847 406 904 pompa
435 829 616 886 Baldistarum
644 839 671 885 et
699 830 941 894 bartholistarum‚
967 849 1028 887 nam
1058 850 1163 890 musas
1201 832 1390 908 dedignatur.
1428 836 1485 893 un

178 924 240 972 ante
268 914 327 970 dies
357 914 377 969 ll
407 915 573 988 bloguntiam
603 915 872 988 praetergredientem
901 915 1028 972 Erasmus
1057 916 1307 981 lloterodamus.
1338 936 1417 994 quen
1439 921 1497 978 leni

178 1008 242 1056 tuna
266 1007 323 1055 tum
346 1000 468 1061 atlvexit.
490 998 650 1072 alloquutus
673 1007 715 1054 est
737 1009 764 1055 et
786 1017 818 1055 ex
834 1000 930 1056 bloller
952 1001 1016 1056 lecit
1032 1000 1168 1073 lliliuml
1194 1004 1387 1079 signavitque
1406 1008 1432 1062 in
1448 1024 1483 1082 pe

178 1083 268 1157 gillari
291 1083 364 1140 inter
387 1083 472 1155 suos!
488 1085 610 1157 quamvis
635 1083 681 1139 illc
705 1102 803 1140 nomen
827 1102 880 1140 non
905 1086 1036 1141 admittit:
1051 1090 1249 1162 contempnit
1276 1088 1483 1164 seilicct’ngm

178 1167 318 1243 magnifice
341 1186 396 1225 non
420 1168 509 1225 minus
532 1185 612 1241 quam
629 1168 802 1224 llercbordus
826 1179 899 1225 tuus.
933 1170 1033 1225 Scribit
1061 1171 1134 1226 milri
1160 1172 1245 1228 mire
1270 1174 1307 1230 de
1331 1175 1393 1232 eius
1412 1175 1483 1233 bu

177 1255 261 1310 nitate
284 1261 312 1310 et
334 1253 492 1327 eloquentia
520 1252 715 1326 extemporali;
744 1253 844 1309 llultos
866 1254 900 1309 dc
922 1253 1032 1309 lirasmo
1055 1255 1265 1328 predicantes
1290 1259 1393 1316 audiri.
1426 1262 1482 1320 Η·

177 1347 236 1394 tant
257 1341 284 1394 iu
314 1339 520 1413 interpretando
549 1355 638 1393 moros
662 1337 735 1394 illius
758 1337 864 1398 civiles.
897 1337 1110 1402 humanitatem,
1144 1341 1374 1408 all'abilitstem,
1394 1346 1499 1402 mus

177 1433 230 1480 tem
253 1430 280 1479 et
304 1423 454 1480 facundiam
478 1431 645 1485 metaneam:
668 1422 832 1479 licueldinus
855 1431 883 1478 et
897 1424 1026 1480 llusclrius
1050 1424 1278 1483 obmutuerunt
1301 1427 1354 1485 illo
1376 1428 1481 1505 loquente

176 1524 247 1564 anno
270 1509 442 1580 precedente
465 1508 608 1580 llaguntiae
632 1515 702 1562 teste
725 1508 851 1563 llutbeno
875 1525 944 1564 meo.
988 1507 1086 1565 Nescio
1111 1527 1174 1583 quo
1203 1521 1328 1587 pergat.
1353 1515 1482 1589 quaed

175 1590 353 1666 llcrbipolita.
391 1593 463 1648 forte
485 1592 593 1647 confert
616 1609 645 1648 se
668 1593 699 1647 ad
723 1593 875 1666 Principem
898 1591 1026 1649 llarolum
1049 1593 1312 1668 burgundionem.

262 1675 352 1735 Vuldae
374 1677 529 1750 raptissime
551 1676 592 1731 lll.
609 1675 665 1732 Eid.
682 1677 759 1732 lunii.
804 1677 867 1733 Vale
889 1687 917 1734 et
938 1678 1029 1750 cogita
1052 1676 1163 1753 aliquid
1192 1682 1233 1738 de
1260 1683 1352 1741 rebus
1373 1684 1445 1741 mee

260 1761 377 1819 llutnavi
393 1778 480 1836 nuper
495 1761 639 1817 Benedicto
662 1770 709 1817 tuo
730 1779 858 1818 coronam
875 1761 1001 1819 Gallicam
1022 1779 1077 1818 non
1102 1767 1237 1824 comode
1264 1770 1375 1827 valenti
1395 1778 1499 1847 perat

168 1856 234 1902 <tare
255 1847 281 1901 in
308 1854 423 1919 argento
449 1863 561 1902 aureum
587 1863 684 1906 unum.
714 1847 836 1920 quamvis
858 1865 913 1903 non
935 1856 995 1903 erat
1017 1865 1080 1921 spes
1106 1849 1262 1909 solvendi.
1311 1854 1384 1912 Uale
1405 1855 1482 1925 besb'tl

175 1931 268 2009 nescio
292 1931 381 2004 siquid
404 1932 513 1986 sciverit
535 1948 567 1987 ex
590 1930 679 1986 verbis
702 1932 820 1987 l'bomae.

1309 2024 1422 2082 Grotus

360 2099 558 2172 [Inscriptio:l
579 2101 619 2156 Ad
641 2101 795 2158 llunradum
818 2101 966 2158 blutianum

580 2187 666 2241 totius
690 2187 860 2260 antiquitatis
881 2186 1037 2243 consultum

577 2270 782 2344 tranquillitatis
805 2279 908 2346 patrem

579 2356 701 2412 Amicum
723 2357 847 2413 sanctiss

680 2440 746 2497 Crot

891 2592 970 2599 ...--

172 2692 238 2758 Pap.
252 2689 295 2742 43.
308 2691 330 2755 ὅ.
344 2688 385 2743 32.
397 2692 446 2742 iam
463 2690 519 2742 iioec
537 2692 685 2743 adnotanda
702 2700 773 2743 sunt:

244 2813 419 2879 Vipilcntium,
443 2827 514 2879 quem
536 2815 649 2878 oequules
666 2813 777 2863 domines
799 2812 895 2863 eruditi
900 2800 1039 2876 'magnifice
1060 2813 1256 2878 suspiciebant
1273 2822 1486 2891 antiqui*

172 2897 244 2948 didus
261 2897 415 2964 efferebant,
438 2897 513 2946 hodie
533 2912 624 2960 porum
648 2913 728 2963 neque
748 2898 807 2960 scre
830 2899 880 2946 nisi
901 2913 937 2948 eae
955 2896 1095 2947 Beonanni
1114 2899 1277 2967 satrapiae
1304 2907 1343 2957 de
1362 2908 1486 2959 mum·

171 2984 335 3034 summitate
356 2982 485 3032 Viadrina
507 2989 627 3045 conpectu
650 2984 770 3032 litteratis
787 2984 849 3031 viris
871 2984 995 3046 cognitum
1018 2998 1074 3032 esse
1096 2998 1150 3033 non
1173 2987 1337 3041 mirabitur
1361 2996 1409 3059 qut
1423 2991 1485 3057 μυ

170 3071 309 3131 preclaras
326 3067 419 3117 indolis
436 3067 590 3124 lectissimos,
614 3082 664 3116 non
685 3067 813 3129 fructuum
831 3067 932 3117 ellenon
949 3068 1073 3131 intepram
1089 3069 1199 3133 copiane
1219 3076 1339 3128 scelere
1356 3093 1406 3129 m
1422 3081 1485 3129 tm

171 3167 224 3211 nes,
242 3168 296 3203 mon
317 3153 428 3202 iuvenem
449 3152 549 3215 inipso
566 3152 732 3215 oetatisflore
750 3152 908 3208 occiderent.
931 3154 1020 3201 misere
1039 3152 1211 3204 destruaeisse
1232 3163 1397 3217 mm,
1417 3177 1485 3229 μ

172 3237 301 3303 Aaeungioe
318 3238 417 3301 scripta
438 3243 575 3300 supersunt
598 3252 679 3301 euque
703 3239 803 3285 inventu
826 3236 983 3298 difficillima.
1006 3236 1165 3301 spicilegium
1191 3241 1313 3309 itaque,
1339 3249 1416 3315 quod
1433 3260 1484 3297 a

172 3323 236 3372 dare
251 3334 368 3386 possum,
387 3336 438 3370 non
455 3320 542 3370 dubito
561 3321 671 3370 Hutteni
686 3336 790 3385 operum
807 3323 929 3373 studiosis
945 3327 1044 3387 gratum
1059 3322 1131 3384 sore.

238 3413 263 3462 Ε
274 3412 339 3464 libro
353 3409 397 3474 (28
409 3411 499 3462 folior.
513 3413 541 3461 in
553 3412 602 3476 4⁰.)
615 3415 656 3463 cui
672 3413 820 3463 inscribitur·
837 3425 971 3467 31:111.ch
985 3425 1282 3477 rnoumaslwre
1298 3434 1325 3477 Δ
1340 3422 1426 3493 nllus
1435 3425 1483 3477 ΙΜ-

171 3489 260 3540 cbimo
279 3488 325 3541 Se.
343 3488 393 3540 Ro.
412 3489 462 3539 Im.
481 3489 557 3555 Sept.
570 3491 607 3540 vi.
621 3487 789 3555 Murcbiolne
812 3490 1080 3556 Brendenburgenfi.
1098 3489 1121 3541 b
1138 3491 1295 3549 Heinrico
1315 3500 1482 3567 lde-lgnopt·

170 3573 258 3624 litsno
282 3574 353 3624 duca
376 3573 539 3639 Nonirupini
564 3572 726 3639 cellebretn.
744 3572 766 3623 b
785 3590 801 3623 u
819 3575 849 3624 P.
868 3574 1023 3640 vigilantio
1045 3574 1212 3642 le-ltinitsti
1240 3581 1373 3637 donate.
1397 3582 1481 3646 Auel

170 3655 217 3709 ddi
235 3659 297 3710 x11.
312 3655 365 3724 lup.
378 3657 415 3709 M.
429 3658 464 3708 D.
488 3658 581 3722 (Infra
599 3661 730 3723 insignium
748 3660 904 3723 depictorum
927 3662 1079 3726 quadratam
1101 3660 1218 3713 tabulam
1226 3664 1253 3729 :)
1280 3682 1372 3721 nono
1391 3683 1481 3721 mm

238 3828 352 3895 ¹grecis
369 3833 420 3878 MS.
473 3827 484 3859 ³
503 3827 550 3895 eb]
571 3834 608 3880 eie
626 3845 695 3880 corr.
706 3846 757 3894 pro
775 3831 858 3880 deleto
879 3846 912 3879 ex
929 3834 979 3879 MS.
1036 3827 1107 3880 ‘De
1124 3833 1261 3896 tempore
1281 3852 1394 3903 parum
1411 3853 1481 3891 oete

169 3920 231 3965 rate
254 3914 341 3965 refert
363 3913 475 3964 Crotus:
500 3913 545 3963 dia
566 3913 588 3962 l.
602 3915 662 3965 Iun.
683 3932 707 3965 a.
725 3914 797 3964 1515.
816 3915 947 3966 Erasmus
970 3916 1025 3964 iam
1048 3915 1213 3981 Antverpiae
1238 3922 1373 3988 scripsit
1396 3921 1481 3976 loanni

170 3999 302 4065 Sylvegio
326 3998 469 4061 ‚mandem
493 3997 613 4064 explicui
636 4015 678 4048 me
703 4015 717 4048 e
741 3998 884 4050 laboribus
905 3999 1109 4050 Beeilieneibus
1128 4002 1173 4048 ...”
1252 4006 1273 4058 i.
1287 4022 1317 4058 e.
1331 4025 1375 4063 ex
1399 4010 1481 4060 uider

170 4085 202 4149 (s.
216 4081 324 4149 Miller)
346 4085 410 4147 fecit
429 4082 543 4148 Mylium.
562 4083 604 4133 cf.
618 4082 671 4134 vol.
684 4084 705 4133 1.
719 4100 746 4149 p.
759 4083 802 4133 27.
816 4099 888 4133 num.
903 4084 964 4133 XII.
978 4099 1039 4134 oum
1058 4083 1174 4134 addend.
1189 4086 1231 4138 ad
1252 4088 1281 4140 h.
1298 4089 1321 4142 l.
1338 4093 1373 4145 in
1392 4092 1480 4145 roll.

169 4185 195 4234 p.
208 4167 268 4220 513.
292 4168 333 4218 Ad
351 4168 424 4219 bunc
441 4169 540 4219 Ioann.
558 4169 672 4232 Mylium
696 4167 940 4233 Herblpolitennm
964 4168 1109 4235 conplures
1133 4169 1271 4234 epistolae
1298 4180 1481 4244 carmineque

168 4253 298 4320 leguntur
321 4254 350 4302 in
369 4252 523 4304 Camerarii
541 4253 642 4303 Libell.
662 4252 710 4302 alt.
730 4252 864 4318 epistolas
888 4253 1161 4321 complasmabant
1184 4259 1217 4303 ct
1242 4257 1391 4314 eliorum.
1417 4265 1481 4329 nipe

170 4337 243 4388 1557.
257 4337 293 4388 ⁸⁰.
346 4337 552 4389 ⁸Herebordus
570 4339 740 4403 Margaritae
757 4336 851 4399 lCtus,
870 4337 995 4389 Mutiano
1014 4337 1213 4401 amicissimus,
1237 4342 1277 4391 ad
1300 4361 1395 4411 quem
1412 4349 1482 4400 huius

168 4422 302 4488 epistolas
315 4423 462 4489 conplures
475 4422 588 4472 exhibet
599 4423 684 4472 etism
697 4421 850 4472 Camerarii
862 4423 987 4472 Libellus
1000 4438 1094 4474 novus.
1112 4423 1179 4486 *Lpe
1194 4421 1280 4477 1568.
1295 4428 1341 4483 8⁰,
1394 4433 1407 4466 t
1425 4434 1482 4484 pp..

166 4513 232 4557 ctum
249 4515 309 4558 ante
327 4506 428 4557 Multos
446 4523 492 4572 epo
510 4508 609 4557 addidi.
667 4504 689 4538 ¹⁰
707 4504 879 4573 interpotando
897 4512 948 4557 MS.
1003 4506 1024 4540 ¹²
1042 4506 1186 4572 Mogontia
1205 4515 1265 4562 HS.
1342 4514 1482 4582 Haemo}

168 4591 209 4655 Cf.
221 4594 264 4642 cit.
280 4594 354 4642 Hutt.
368 4594 403 4641 ad
420 4592 511 4641 Fusius.
525 4595 601 4657 epist.
666 4607 750 4657 quero
767 4597 818 4644 ns,
883 4592 903 4626 ¹³
922 4590 1091 4658 Principem]
1106 4592 1161 4654 feci
1177 4608 1217 4644 ex
1237 4595 1263 4645 P
1284 4603 1346 4650 HS.
1410 4602 1482 4654 Em

166 4690 220 4725 mss
236 4675 344 4726 Basilea
365 4679 391 4727 in
409 4677 527 4742 Anpliam
549 4685 599 4727 trem
621 4677 807 4730 revertebatur.
879 4675 900 4709 ¹⁴
917 4676 1006 4728 Valde
1024 4679 1075 4725 HS.
1146 4674 1168 4707 ¹⁵
1186 4676 1235 4729 111
1254 4681 1316 4734 Eid
1337 4686 1483 4739 Iunius

168 4760 281 4810 eomodo
299 4765 351 4812 HS.
