3294 5408
462 417 584 452 HVTTENl
599 417 626 452 ΙΝ
641 418 754 452 annales
768 417 954 459 QVERELABVM
969 419 1052 453 tinisa
1066 419 1178 454 saluus.

376 572 479 633 Omnia
501 591 606 651 magna
628 575 698 634 sutis
720 572 859 651 cultuque
881 576 1021 636 instructa
1043 573 1177 642 decenti,

337 693 360 734 rr
458 674 560 735 Omnia
583 683 653 735 sunt
673 674 770 736 verbis
792 675 929 736 uberiora
953 676 1033 736 meis.

373 777 436 839 llec
459 797 512 857 ege
536 796 601 838 snm
624 779 753 855 genitus,
776 779 909 856 quemvis
931 777 1019 838 mede
1043 777 1104 838 vilis
1127 787 1155 838 et
1178 795 1267 857 expes

459 881 490 940 ln
514 880 609 940 varios
631 897 716 940 casus
738 880 824 940 Sarte
847 879 966 941 iubente
988 880 1087 941 ferar.

374 983 447 1044 Nem
462 981 538 1042 ruini
561 983 672 1061 patries
693 980 769 1042 liber
793 1000 959 1062 vacuusque
981 989 1119 1060 penates,

334 1106 359 1144 aa
454 1084 519 1145 Nun
541 1083 619 1145 volui
640 1086 702 1144 neti
724 1102 794 1144 rura
816 1092 918 1146 tenere
940 1082 1011 1143 sali:

373 1187 441 1250 l‘lns
462 1186 571 1266 placuit
592 1186 656 1247 loca
678 1204 764 1264 pesse
787 1186 858 1246 mibi
880 1188 1037 1265 peregrina
1059 1185 1174 1257 subire,

457 1289 647 1367 llurnvigeat
668 1289 770 1349 studiis
792 1288 857 1348 laeta
880 1290 996 1349 iuventa
1019 1289 1096 1358 suis,

372 1393 583 1468 ltumrigeant
604 1392 672 1451 anni
695 1391 846 1468 vegetique
868 1389 1013 1450 simillime
1037 1392 1114 1451 veris

335 1515 360 1554 ee
456 1493 620 1554 Exhibeant
642 1494 718 1555 vires
740 1500 872 1571 tempera
896 1494 991 1573 prima
1014 1492 1121 1552 bonas:

372 1597 521 1676 Nusquam
544 1595 678 1656 babitare
700 1596 793 1672 magis
815 1612 902 1672 qrram
918 1592 973 1654 'me
996 1593 1122 1655 delectat
1144 1595 1268 1675 ubique,

456 1699 589 1778 Undique
612 1704 679 1759 sunt
701 1680 803 1775 patri-e
825 1715 894 1757 rura
918 1696 1080 1775 damusque
1103 1715 1191 1766 meam

372 1802 504 1880 Cumque
527 1799 600 1861 alius
622 1798 724 1861 dulces
747 1798 860 1859 dubitet
881 1798 1004 1877 liquisse
1027 1806 1165 1876 parentes

333 1922 358 1963 su
454 1903 514 1963 Nee
536 1903 604 1963 velit
626 1921 640 1962 a
664 1904 759 1979 petrin
782 1900 899 1979 langius
922 1920 985 1960 esse
1009 1901 1087 1970 selo,

371 2005 417 2065 lle
440 2007 517 2065 iuvat
540 2023 603 2065 esse
626 2002 733 2081 aliquid
759 2002 925 2082 laniumque
948 2003 1107 2064 extendere
1131 2005 1214 2064 lactis

454 2106 490 2167 lit
512 2106 642 2186 tepidum
665 2105 792 2165 obscura
814 2103 917 2165 tollere
940 2123 1047 2165 neurcu
1071 2104 1169 2165 burne.

371 2210 432 2269 lloc
456 2209 551 2270 fertur
574 2209 671 2269 Sauria
693 2215 805 2268 tantum
829 2205 975 2285 placuisse
998 2207 1155 2282 magistre,
1298 2207 1301 2290 l
1324 2229 1451 2273 ieiunus.

330 2335 356 2374 ru
451 2310 487 2372 u
508 2317 621 2389 peteret
642 2310 764 2370 Pher-ies
786 2308 959 2386 italicasque
980 2307 1105 2388 sciphus,
1483 2308 1487 2317 '

371 2413 433 2472 llne
456 2414 541 2473 etism
565 2420 678 2472 cunstat
700 2429 839 2489 magnum
863 2410 989 2471 voluisse
1010 2408 1176 2482 Platonem,

278 2594 282 2601 ἢ
455 2514 530 2576 num
554 2516 647 2575 rarius
670 2514 751 2573 urbis
773 2512 881 2592 gaudet
901 2513 983 2573 adire
1005 2510 1102 2580 ineos;

370 2616 473 2695 Fitque
496 2616 613 2676 humilis
636 2618 686 2700 qui
709 2634 831 2695 maguus
854 2623 918 2675 eret
940 2622 1093 2691 tantusque
1116 2613 1246 2684 labores,

332 2739 357 2780 n
453 2717 508 2788 Oui
531 2725 632 2796 posset
653 2717 765 2796 placida
788 2701 893 2778 viverc'
910 2725 1005 2784 sorte,
1029 2715 1115 2776 subit.

234 2972 256 3004 ²⁵
275 2990 372 3039 exspes
385 2977 444 3024 2.3.
492 2971 514 3004 ²¹
531 2973 572 3023 nd
586 2989 610 3023 v.
624 2973 665 3022 27.
679 2989 737 3038 sqq.
757 2973 793 3023 ef.
808 2971 855 3021 lib.
870 2972 905 3021 ΙΙ.
920 2970 991 3035 eleg.
1007 2971 1106 3034 10,·169.
1121 2986 1179 3037 sqq.
1232 2970 1252 3003 ³¹
1267 2972 1417 3039 anuilsmui
1429 2979 1449 3023 Ι.

167 3061 295 3109 scdllutt.
310 3066 334 3108 et
346 3066 499 3109 vettmuaus
510 3075 578 3109 corr.
626 3056 649 3088 ³⁶
665 3059 689 3107 V
689 3060 760 3122 erpit.
769 3058 836 3106 Aen.
846 3058 878 3109 X.
886 3055 945 3106 468.
959 3073 998 3121 sq.
1018 3093 1034 3118 „
1086 3056 1187 3106 famam
1202 3057 1350 3107 extendere
1365 3059 1451 3114 factis,

169 3143 229 3193 ll'oe
242 3144 352 3193 virtutis
372 3159 439 3209 opus
452 3146 502 3193 ..”.
554 3141 575 3174 ³⁹
594 3143 750 3207 Pptbuperm
764 3146 792 3191 et
803 3141 936 3203 Platonis,
958 3141 1031 3192 infra
1044 3141 1090 3204 (11.
1105 3142 1143 3191 10.
1158 3141 1218 3204 270.)
1231 3142 1372 3207 Apollonii
1385 3144 1452 3208 'fya-

168 3229 261 3278 nensis
274 3224 426 3294 exemplum
440 3244 499 3278 sese
513 3228 591 3293 sequi
604 3228 701 3276 innuit.
727 3227 841 3293 Sumpta
854 3232 917 3276 sunt
930 3226 987 3275 brec
1007 3225 1048 3289 (ut
1060 3243 1094 3276 ca
1113 3243 1217 3292 qnoque
1237 3228 1358 3294 epistola
1376 3245 1452 3294 qnam

167 3314 325 3364 Mohnikius
337 3331 363 3379 p.
377 3313 435 3364 353.
449 3329 488 3378 sq.
502 3312 686 3378 transcripsit,
706 3314 837 3375 ignorans
850 3312 1093 3373 Hieronymiannm
1112 3312 1199 3362 locum
1220 3312 1254 3362 ad
1272 3313 1386 3363 verbnm
1400 3315 1453 3364 iere

167 3414 196 3449 se
216 3397 411 3461 transcribere)
431 3415 464 3448 ex
475 3399 634 3460 Hieronym.
649 3398 729 3462 epist.
742 3397 804 3446 Lll.
818 3395 871 3459 (ed.
885 3396 1030 3446 Benedici.
1042 3396 1065 3444 Ι.
1078 3413 1103 3461 p.
1117 3395 1175 3446 270.
1188 3396 1240 3462 sq.)
1259 3397 1410 3463 „Legimus
1428 3400 1453 3448 in

167 3483 308 3532 veteribus
335 3484 459 3533 historiis
482 3483 612 3548 quosdam
635 3482 767 3533 lustrasse
791 3480 961 3546 provincias,
991 3496 1077 3531 novos
1101 3481 1191 3531 adisse
1215 3481 1343 3547 populns,
1369 3483 1455 3533 maria

121 3597 124 3601 ·
168 3569 311 3629 transisse,
331 3574 361 3616 ut
380 3584 426 3617 eos
445 3582 512 3633 quos
530 3583 564 3617 ex
582 3566 661 3617 libris
679 3572 826 3626 noverant,
846 3583 936 3616 coram
957 3581 1063 3631 quoque
1082 3566 1218 3616 viderent.
1253 3566 1299 3616 Sic
1317 3569 1453 3635 Pythago·

167 3667 212 3701 ras
230 3652 424 3717 Memphiticos
446 3657 538 3714 vates,
561 3655 603 3703 sic
621 3652 702 3703 Plato
725 3653 878 3718 Aegyptum
903 3656 931 3700 et
952 3650 1101 3714 Archytam
1124 3651 1315 3713 Tarentinum,
1342 3669 1454 3719 eamque

168 3752 242 3786 oram
261 3736 365 3798 ltaliae,
390 3752 450 3801 quse
470 3738 603 3803 quondam
622 3738 725 3802 Magna
744 3736 854 3785 Graecia
872 3736 1029 3796 dicebatur,
1054 3735 1268 3786 laboriosissime
1287 3740 1455 3804 peragravit.

170 3858 214 3871 .....
233 3798 393 3888 Apollonius
413 3821 485 3884 (sive
504 3820 550 3871 ille
570 3823 675 3886 Magus,
695 3827 725 3870 nt
742 3821 840 3886 vulgus
859 3819 992 3885 loquitur,
1016 3821 1075 3870 sive
1094 3820 1287 3887 philosophus,
1305 3828 1337 3871 nt
1355 3824 1455 3887 Pytha·

167 3907 253 3972 gerici
272 3907 393 3967 tradunt)
413 3907 529 3956 intravit
546 3906 659 3966 Persas,
680 3906 858 3970 pertransivit
877 3904 1044 3966 Caucasum,
1068 3904 1203 3966 Albanos,
1230 3905 1364 3969 Scythas,
1384 3910 1455 3958 blas·

167 3997 293 4057 segetes,
319 3990 530 4057 opulentissima
547 3991 633 4040 Indiae
658 4006 743 4055 regna
766 3992 936 4055 penetravit,
962 3996 990 4039 et
1008 3991 1043 4039 ad
1063 3996 1212 4040 extremum
1231 3989 1367 4042 latissimo
1386 3993 1455 4056 rhy-

166 4094 215 4127 son
239 4093 318 4127 amne
342 4077 502 4126 transmisso
527 4076 652 4141 pervenit
675 4075 709 4124 ad
727 4076 929 4145 Brachmanas,
954 4080 984 4124 ut
1002 4076 1134 4126 Hiarcam
1153 4076 1180 4125 in
1199 4076 1296 4126 throno
1315 4077 1455 4128 sedentem

167 4179 251 4213 aureo
270 4170 297 4213 et
315 4164 348 4213 de
367 4160 480 4211 Tantali
499 4161 576 4212 fonte
594 4165 735 4226 potantem
754 4161 825 4210 inter
843 4175 946 4226 paucos
965 4160 1114 4225 discipulos
1134 4160 1166 4210 de
1185 4165 1301 4221 natura,
1325 4161 1360 4211 de
1379 4163 1455 4212 moti-

167 4247 217 4296 bus
236 4264 269 4296 ae
288 4247 406 4297 siderum
425 4262 505 4296 eursu
529 4247 638 4296 audiret
656 4246 813 4306 dueentem,
837 4246 900 4295 iude
926 4260 975 4311 per
992 4244 1142 4304 Elamitas,
1166 4241 1349 4308 Babssvlonios,
1376 4246 1455 4296 Chal·

166 4333 254 4394 daeos,
274 4333 378 4393 Medos,
398 4332 541 4395 Assyrios,
560 4331 693 4392 Parthos,
713 4330 810 4396 Syros,
830 4331 990 4391 Pboeniees,
1010 4330 1123 4389 Arabes,
1144 4329 1311 4379 Palaestines
1330 4347 1456 4382 reversus

166 4417 361 4468 Alexandriam
380 4418 500 4484 perrexit
512 4417 696 4481 Aethiopiam,
716 4422 745 4464 ut
758 4416 1002 4480 Gymnosophistas
1021 4421 1049 4464 et
1067 4414 1280 4464 famosissimam
1293 4415 1366 4465 Selia
1384 4432 1455 4466 men·

166 4519 225 4552 sam
243 4504 352 4554 videret
370 4505 398 4553 in
416 4502 520 4552 sabulo.
558 4503 667 4552 Invenit
689 4501 736 4550 ille
761 4502 803 4551 vir
826 4501 927 4565 ubique
952 4500 1022 4565 qnod
1046 4499 1179 4559 disceret,
1205 4505 1234 4550 et
1251 4515 1361 4565 semper
1379 4499 1456 4566 proti·

166 4588 243 4638 eiens
261 4605 369 4653 semper
390 4603 419 4638 sc
438 4587 535 4638 melier
558 4587 645 4637 lieret.
683 4587 799 4652 Scripsit
822 4600 903 4650 super
926 4585 977 4634 hoc
1001 4584 1160 4650 plenissime
1185 4590 1247 4634 octo
1271 4585 1454 4635 voluminibus

81 4684 85 4692 ·
165 4671 373 4723 Philostretns''.
405 4674 447 4722 De
461 4672 578 4722 Platone
597 4672 700 4722 videsis
715 4671 859 4731 Qraeintitiun.
873 4671 940 4720 Inst.
955 4686 993 4719 or.
1008 4671 1029 4719 1.
1046 4669 1084 4731 12,
1102 4678 1133 4717 15.
1186 4668 1209 4701 ⁴⁰
1226 4668 1354 4735 Pharios]
1369 4672 1452 4734 Aepy·

163 4756 272 4817 ptiacos.
552 4753 556 4760 '
