3294 5408
177 391 251 464 386
355 418 477 454 nerrnru
492 418 521 453 rra
535 416 732 453 nxcrerrorrnrr
746 416 932 453 noovanrrrnrr
944 417 1066 453 annam
1079 417 1313 457 santonicen-

379 574 450 634 Snrs
473 573 548 634 ierat
570 574 599 633 in
623 571 740 641 melius,
764 572 954 633 Friderichus
976 582 1064 648 genle
1087 574 1189 635 Suera

377 675 506 753 Excipit:
530 676 641 751 ingenti
664 683 744 734 motu
768 677 928 752 regnisque
951 675 1060 753 potitus

326 798 364 840 eae
379 776 529 837 Bellorum
552 784 654 854 portas
676 778 770 852 aperit
791 775 953 853 lariumque
975 775 1126 838 reclusum

377 878 521 941 Gentibus
543 879 684 937 ostendit:
710 877 846 938 ‘desueta
870 876 1029 957 capessite'
1052 876 1164 939 clamat

379 983 496 1050 ‘Arma
520 981 588 1048 viri,
611 997 787 1058 mecumque
810 981 891 1039 omni
913 980 1083 1041 contendite
1105 981 1174 1041 nisu

377 1080 590 1143 ‘Accumulare
613 1082 704 1142 decus
725 1081 886 1160 laudesque
908 1099 1026 1160 aequare
1048 1089 1232 1160 parentum:

376 1186 506 1245 ‘Sentiat
527 1185 620 1243 arctoi
643 1185 778 1244 uirtutem
801 1183 929 1243 nominis
950 1184 1055 1260 ingens

327 1307 364 1348 eoo
381 1286 512 1365 ‘Aegypti
535 1285 679 1353 domitor,
703 1303 806 1344 ranam
829 1287 893 1346 sine
916 1284 1027 1345 viribus
1048 1285 1123 1346 ham

378 1387 493 1448 ‘Discat
514 1386 610 1446 Turea
634 1404 741 1464 rapax,
765 1404 852 1446 nemo
875 1393 994 1464 torpere
1016 1387 1131 1447 leroees·

377 1489 558 1549 ‘Snerorum
580 1486 707 1567 populos
729 1495 759 1548 et
781 1488 910 1548 Franeas
932 1488 1039 1548 dixerit
1061 1485 1181 1548 urhesl’

375 1591 461 1652 lllum
484 1591 547 1650 haec
569 1590 715 1650 dicentem
738 1597 825 1667 alque
848 1589 1004 1651 addentem
1028 1588 1161 1668 pondera
1185 1589 1291 1651 verhis

376 1692 562 1752 Circuostant
584 1693 718 1761 iuuenes,
742 1693 766 1752 si
789 1709 877 1768 quem
901 1689 1107 1771 prestantibus
1128 1692 1202 1752 actis

326 1815 363 1856 aas
378 1794 476 1871 Pingit
498 1794 589 1854 avitus
611 1791 724 1862 honor,
747 1791 956 1871 stimulantque
979 1793 1008 1853 in
1031 1791 1107 1854 helia
1130 1793 1263 1871 priores.

377 1897 535 1974 Nunquam
557 1892 676 1973 aliquod
698 1896 795 1973 gavisa
818 1897 912 1971 tnagis
934 1896 1090 1957 Germania
1114 1893 1242 1955 verbum

375 1998 487 2059 Audiit:
511 1995 659 2073 extempio
681 2013 812 2057 summas
834 1999 982 2058 exercitus
1004 1993 1092 2074 hlpes

373 2099 469 2160 Rheni
491 2097 528 2158 ab
552 2104 676 2176 utraque
699 2099 771 2176 petit
792 2100 871 2177 ripa,
896 2099 1016 2159 victoria
1039 2097 1149 2158 tractus

374 2202 473 2262 Prima
495 2197 615 2260 rebellis
637 2199 729 2269 Otho,
753 2208 823 2260 tunc
845 2203 928 2277 signa
952 2206 1050 2261 erecta
1072 2200 1169 2260 ruenti

323 2324 361 2363 uro
376 2300 524 2363 Auxilium
546 2299 640 2362 latura
663 2302 754 2361 Asiae:
778 2302 873 2362 riden'
897 2302 1017 2381 auspice
1039 2300 1155 2361 Ghristo

374 2404 412 2464 Ut
434 2413 519 2483 paret
540 2403 569 2462 in
593 2402 702 2463 bellum
726 2410 807 2462 tanto
829 2411 872 2463 tot
894 2402 983 2463 millia
1007 2403 1105 2462 ructu?

374 2504 459 2576 Quod
482 2507 537 2566 nisi
559 2511 735 2583 conceptum
759 2512 927 2566 remoretur
949 2505 1098 2565 Honorius
1120 2521 1244 2575 ausum,
1280 2503 1486 2591 Ιξοᾝξῗξξξῗ·

375 2608 454 2680 Quas
477 2606 516 2667 illi
540 2608 711 2673 Armenias,
735 2624 809 2684 qnos
832 2625 918 2685 posse
941 2606 1080 2667 resistere
1103 2605 1215 2666 'lureas

374 2707 504 2778 Quemne
527 2716 613 2787 putas
635 2710 726 2788 Syriae
749 2707 920 2770 dominum?
943 2706 1082 2768 Sullanus
1104 2707 1141 2768 ab
1163 2706 1213 2768 illa

323 2831 361 2872 ura
378 2810 537 2871 Commoda
560 2810 610 2874 lite
633 2810 739 2879 refert,
762 2811 942 2890 vincuntque
966 2811 1095 2887 ingentia
1118 2827 1210 2888 regna
1279 2840 1283 2845 ·
1327 2809 1480 2893 ''1³33-

373 2911 520 2973 lmmanes
543 2912 667 2992 Scythiae
690 2911 805 2992 populi:
829 2919 860 2973 tu
884 2930 961 2990 pone
985 2912 1131 2980 furorem,

373 3016 454 3076 Pone
477 3015 537 3075 iras
559 3014 717 3092 odiumque
740 3013 832 3083 istud,
856 3014 1052 3084 sanctissime,
1076 3012 1163 3075 dilier

372 3115 468 3177 Officii
491 3135 608 3176 cessare
629 3117 685 3177 tui!
708 3123 739 3176 tu
762 3116 912 3176 excindier
935 3133 1016 3176 arma

372 3219 536 3280 Sarraeeua
559 3211 652 3287 retas,
677 3219 769 3297 recipi
792 3224 835 3277 tot
856 3234 964 3294 regna,
987 3223 1031 3277 tot
1053 3215 1162 3278 urbest

236 3405 270 3438 ⁹¹⁷
286 3406 356 3455 Arna
373 3409 397 3455 5.
449 3402 483 3435 ⁹²⁴
500 3404 663 3453 Aeunmlare
682 3409 707 3454 5.
760 3402 793 3436 ⁹³⁰
811 3404 970 3454 Fridericus
988 3404 1044 3453 iam
1062 3403 1156 3453 statim
1174 3408 1238 3469 post
1256 3409 1478 3461 coronationem

167 3492 418 3557 Aquisgranensem
442 3489 484 3551 (d.
497 3488 538 3538 25.
553 3489 604 3538 Iul.
624 3505 648 3538 a.
664 3487 755 3550 1215.)
780 3504 889 3539 crucem
913 3489 1037 3553 sumpsit.
1108 3485 1143 3520 ⁹³⁴
1166 3487 1364 3544 Circumstant
1383 3498 1477 3545 Mt.

167 3574 201 3607 ⁹³⁶
219 3572 322 3641 Pingit]
342 3574 464 3624 decorat.
517 3571 550 3604 ⁹³⁹
569 3572 1036 3639 01101111.ιι,Ρ1ι111ρροΑιιςιιιιῑο
1055 3572 1210 3623 Galliarum
1229 3589 1297 3640 rege
1316 3575 1473 3630 d.27.1nt

169 3678 193 3711 ιι.
211 3659 282 3710 1211.
296 3659 370 3725 apud
382 3659 502 3709 Boviuas
520 3658 645 3708 devictus
664 3662 715 3708 est.
766 3655 801 3688 ⁹⁴⁰
818 3659 966 3708 innumera
983 3666 1040 3708 turn
1059 3673 1109 3722 per
1120 3658 1262 3709 Asiaticas
1280 3664 1377 3713 terras
1397 3662 1475 3715 holla

168 3744 379 3794 Othomanieum
398 3758 511 3808 regnum
530 3744 725 3808 praeparantia.
743 3742 776 3795 A.
796 3742 869 3794 1211.
883 3742 1004 3807 hlongoli
1027 3743 1056 3792 in
1079 3743 1168 3809 ipsam
1186 3742 1347 3795 notavium
1368 3747 1473 3799 inrum·

168 3835 245 3895 punt.
280 3827 533 3894 ⁹⁴²eoneoeptuml.
564 3828 686 3878 Honorio
699 3827 750 3876 111.
765 3833 868 3877 mortuo
883 3824 912 3891 (†
924 3826 950 3876 d.
960 3825 1089 3878 lemare.
1103 3826 1225 3890 altat.)
1238 3842 1301 3878 enm
1315 3829 1474 3884 Brundusii

168 3930 268 3966 navem
281 3915 454 3964 ascendisset
466 3915 624 3978 imperator,
643 3913 692 3962 sed
705 3911 798 3962 morbo
811 3914 988 3976 ingrassante
1002 3912 1176 3978 Hydruntum
1190 3911 1340 3978 appellere
1353 3924 1472 3969 conotus

169 4003 254 4060 esset,
270 3998 418 4063 Gregorius
431 3998 477 4048 IX.
491 4013 552 4047 eum
566 3998 822 4058 excommunicavit,
844 3995 914 4061 quod
933 3997 962 4045 in
981 4000 1080 4047 terram
1100 4002 1227 4047 sanctem
1245 4012 1302 4047 non
1314 4000 1384 4054 iret.
1397 4001 1471 4052 Con·

168 4083 347 4135 cilionxlll.
363 4082 436 4132 1112.
486 4080 520 4114 ⁹⁴⁶
538 4083 688 4147 Scytheed.
730 4079 771 4145 tu]
790 4082 914 4146 pontifex
929 4081 1046 4147 Gregori
1064 4080 1199 4146 IX.„Hie
1216 4089 1354 4148 tanquam
1373 4101 1471 4152 unper-

169 4169 220 4218 bus
243 4167 330 4232 primo
354 4183 426 4217 anno
448 4167 627 4232 pontilieatus
650 4168 692 4216 sui
711 4163 808 4231 [leet]
834 4167 920 4231 coepit
942 4167 1180 4218 excommunicare
1199 4166 1379 4221 Fridexieutn
1403 4171 1470 4238 inp.

168 4269 217 4319 pro
236 4253 328 4302 causis
347 4252 454 4302 frivolis
474 4257 502 4301 et
520 4250 627 4302 taleie’.
658 4251 727 4300 Ahh.
742 4251 872 4316 Urnperg.
887 4251 922 4300 ad
940 4266 966 4300 a.
981 4251 1027 4301 eit.
1047 4250 1091 4301 cf.
1105 4250 1237 4302 decretal.
1251 4267 1278 4302 ιι.
1294 4251 1376 4304 taso.
1388 4256 1471 4309 em'n.

168 4352 227 4387 sem
246 4351 326 4401 quam
346 4336 518 4386 exhibuimus
535 4335 589 4386 vol.
603 4336 635 4388 V.
648 4352 674 4401 p.
687 4334 746 4386 373.
767 4349 769 4354 ⁸
810 4334 844 4366 ⁰¹⁰
864 4337 1022 4402 Gregorius,
1042 4351 1102 4386 eum
1122 4352 1147 4388 a
1162 4335 1235 4390 1229.
1249 4336 1326 4387 inter
1344 4338 1469 4405 impsn·

167 4426 254 4471 torem
274 4425 302 4470 et
319 4420 462 4471 soldanum
481 4421 666 4483 convenisset,
685 4427 715 4470 ut
732 4419 775 4470 illl
793 4420 987 4484 Hierosolyma
1005 4420 1116 4486 aliaque
1134 4418 1199 4471 loca
1215 4426 1317 4472 sancta
1334 4425 1470 4476 restitue·

168 4511 275 4568 rentur,
300 4507 365 4570 quie
383 4506 545 4556 inobediens
569 4507 717 4572 imperator
740 4511 768 4554 et
786 4506 1039 4556 excommunicatus
1058 4505 1261 4570 expeditionem
1280 4509 1469 4575 suscepisset,

168 4606 219 4640 nee
238 4605 335 4655 paeem
360 4589 508 4655 adprobet,
532 4606 584 4640 nee
604 4591 774 4641 Fridericum
793 4589 928 4652 absolvit,
953 4590 1003 4640 sed
1026 4590 1128 4639 nuntiis
1152 4590 1188 4639 ad
1206 4588 1356 4642 soldanum
1375 4595 1469 4645 minsis

169 4677 247 4725 iubet
268 4690 323 4724 nun
346 4675 455 4725 tradere
478 4690 592 4740 regnum
609 4674 899 4738 Hierosolymitanum.
918 4674 955 4724 cl.
968 4689 1036 4725 serr.
1050 4675 1085 4726 ad
1104 4691 1130 4727 ιι.
1145 4672 1218 4727 1228.
1231 4689 1271 4740 sq.
1291 4673 1468 4746 Uspoxgenn.

169 4759 204 4809 nd
223 4775 249 4808 a.
265 4758 337 4811 1221.
352 4764 381 4809 ot
398 4761 507 4809 Petrum
521 4759 555 4810 de
573 4760 669 4809 Vincis
687 4758 709 4808 1.
722 4758 764 4809 21.
817 4758 959 4809 Saracena
977 4761 1001 4809 t.
