3294 5408
267 336 340 405 430
361 363 533 400 enutriretur
547 364 649 399 urtam
664 362 824 400 rnu'rtrflvs
838 362 976 399 DOOTORIS
990 363 1130 400 uuvcntltt
1145 363 1416 402 &numennumen
1432 367 1592 404 lancelloti.

467 518 586 588 Tristis,
610 520 709 598 inops,
732 519 796 579 sine
820 520 845 579 ri
867 536 1000 596 sempor,
1024 519 1207 579 mestissima
1231 536 1384 599 semper,

467 621 607 699 Prompta
629 639 738 682 nocere
760 619 862 690 bonis,
885 619 981 681 alieno
1004 619 1069 681 laeta
1092 618 1209 690 dolore,

467 722 545 783 Laeta
569 721 663 792 rnalo,
685 740 812 800 curnque
836 722 913 783 haud
937 724 1030 800 possit
1053 741 1127 801 quos
1149 722 1277 801 perdere
1304 723 1419 791 vellet,

467 826 626 896 Quassatos
649 825 727 885 acuit
750 825 838 884 tacito
860 823 915 884 suh
939 842 1092 885 murmure
1116 824 1219 886 dentes

415 946 453 987 iro
468 927 625 1004 Sanguinis
646 926 716 986 huic
740 925 810 987 nilril
834 934 891 996 cst,
915 925 987 987 nihil
1009 927 1086 987 intra
1109 928 1219 989 viscera
1243 930 1350 993 succi.

467 1026 549 1090 Felle
571 1030 649 1107 viget
670 1026 748 1098 solo,
773 1030 909 1108 piceique
932 1027 1070 1089 alimenta
1094 1031 1198 1091 veneni

467 1125 604 1191 Esurieur
626 1132 754 1191 rinourrt.
779 1131 829 1192 sed
854 1150 921 1192 cum
943 1132 1006 1192 sine
1028 1133 1158 1209 tegmine
1181 1140 1242 1192 tres
1265 1133 1327 1194 sint

467 1232 536 1292 llaec
559 1232 728 1310 ferrugineo
751 1231 811 1303 sola
836 1240 881 1295 est
903 1231 1045 1295 velamine
1067 1234 1173 1295 cincta.

508 1333 632 1395 Fercula
655 1335 808 1413 spectastis
831 1334 899 1395 ton
922 1335 1026 1406 armis,
1050 1335 1117 1395 tata
1139 1337 1249 1406 ruinis,

415 1457 452 1497 ns
467 1437 613 1515 Quodque
635 1436 711 1498 hosti
734 1436 861 1517 spolium
884 1456 1007 1516 quaeque
1030 1444 1073 1498 cst
1096 1435 1190 1497 ablata
1213 1436 1373 1516 supellex,

466 1540 641 1619 llostieaque
663 1545 695 1599 ut
718 1541 793 1601 reris
815 1539 978 1601 concedant
998 1539 1117 1599 numina
1141 1538 1227 1607 divis:

466 1641 557 1720 ldque
579 1642 633 1702 luit
655 1649 786 1720 gratum:
810 1660 890 1703 nnnc
912 1641 1018 1703 deinde
1040 1641 1206 1719 sequentia,
1230 1643 1326 1713 cives,

465 1744 593 1823 Aspicite
616 1731 704 1823 atque
727 1742 813 1804 hilari
836 1743 1017 1822 Capnionem
1040 1743 1182 1804 accersite
1205 1736 1331 1822 plausu:

508 1846 591 1908 Dicat
612 1846 657 1917 lo,
680 1847 705 1907 si
726 1866 759 1908 se
781 1847 861 1907 novit
883 1847 1055 1916 Germania,
1079 1846 1172 1906 dicat:

414 1967 452 2007 rso
467 1947 552 2019 Quod
576 1948 665 2026 cupiit
687 1948 796 2009 lactum
820 1954 878 2019 est,
902 1948 1040 2026 depressa
1063 1949 1187 2009 minacia
1210 1947 1356 2011 Fratrum

465 2048 543 2110 Colla
567 2049 662 2113 tulere
686 2051 802 2129 iugum,
827 2058 905 2120 tum,
928 2068 994 2129 quae
1015 2051 1127 2112 servire
1149 2050 1312 2128 negabant,

465 2150 601 2213 Cervices
623 2152 740 2214 domitae
762 2161 845 2222 suut,
869 2155 898 2213 in
922 2152 1067 2232 spectacla
1090 2153 1183 2214 coacti

464 2253 500 2313 Et
522 2253 618 2330 rabidi
639 2255 759 2318 Fratres
782 2264 811 2316 et
832 2261 963 2316 amantes
985 2273 1057 2316 rana
1081 2255 1232 2333 Sophiste.

463 2355 576 2432 Lugeat
597 2365 626 2419 et
647 2355 781 2436 planctus
803 2358 1024 2436 Agrippinensis
1046 2356 1170 2420 acerbos
1389 2358 1577 2444 33⁰2&ng

412 2478 450 2517 ns
465 2458 519 2520 [iet
541 2457 657 2529 schola,
681 2458 831 2538 humoque
854 2458 956 2520 oculos
978 2458 1083 2537 lugens
1105 2459 1214 2536 deligat
1235 2466 1264 2518 et
1287 2459 1382 2522 liuius

463 2559 639 2623 Poenitnisse
661 2560 745 2631 mali,
769 2562 817 2624 det
839 2563 936 2641 signa,
961 2568 990 2623 et
1012 2569 1113 2641 aperta
1136 2559 1283 2640 relinquat

464 2662 583 2724 Erroris
605 2664 786 2725 monimenta
807 2665 869 2734 sui,
894 2665 1068 2743 veniamque
1091 2671 1245 2743 precetur,

464 2764 501 2825 Et
522 2783 626 2845 pacem
649 2764 777 2835 iuloelix,
800 2766 960 2828 undeunde
983 2773 1171 2846 extorqueat,
1194 2772 1275 2833 oret:

465 2866 558 2928 uenat
580 2868 709 2954 captivos
733 2869 834 2938 etiam,
858 2886 911 2929 sua
934 2869 1071 2939 orinrina,
1096 2868 1216 2930 Fratres

412 2989 450 3030 roo
465 2969 639 3032 llonrminici
663 2978 832 3050 torvosque,
855 2969 939 3032 netas
961 2969 1095 3041 crudele,
1119 2970 1271 3049 Sophistas

327 3059 328 3063 ¹
464 3071 573 3143 Dedat,
597 3089 684 3150 opem
706 3074 732 3136 si
754 3075 820 3152 quis
840 3072 967 3144 tulerat,
992 3073 1067 3135 ierat
1089 3072 1185 3133 omuia
1208 3071 1351 3152 supplex,

463 3172 572 3236 l'oedus
593 3174 716 3236 adorato
739 3175 842 3238 saltern
865 3182 897 3237 ut
920 3176 1071 3254 Capnione
1093 3182 1234 3254 reportet

462 3275 557 3347 Quam
579 3275 678 3339 mallet
700 3277 805 3357 laqueo
828 3279 915 3339 vitatu
939 3279 1037 3339 linisse
1060 3276 1105 3338 vel
1127 3278 1189 3338 ensi

462 3377 644 3459 Quacunque
666 3379 835 3457 impellente
857 3398 946 3441 manu
968 3379 1045 3441 latus
1067 3378 1178 3442 obdere
1201 3385 1337 3457 apertunr

411 3500 448 3540 rna
463 3479 552 3541 'leter
574 3479 780 3559 llogostrattus
803 3499 891 3560 quarn
913 3499 1021 3562 pompa
1043 3482 1177 3544 inducier
1199 3481 1270 3550 ista;

462 3582 520 3644 Sed
543 3599 641 3660 neque
663 3583 806 3664 perditior
828 3601 925 3662 neque
947 3583 1117 3662 llagitiosior
1139 3582 1213 3645 alter

461 3685 494 3746 ln
518 3685 667 3766 Capniona
690 3685 744 3746 luit
766 3693 837 3746 tuuc
860 3705 927 3747 cum
951 3693 997 3756 tu,
1021 3687 1151 3766 perdite,
1175 3685 1261 3747 iudex

461 3787 569 3849 Lectus
592 3797 621 3851 et
642 3788 780 3850 absurdis
802 3791 831 3850 in
854 3787 953 3850 litibus
975 3787 1087 3851 arbiter
1109 3805 1189 3850 esses

462 3888 542 3951 ldenr
565 3899 730 3953 aocrrsator.
754 3892 802 3953 dic
825 3909 899 3970 quo,
923 3908 1051 3959 raesane,
1076 3890 1220 3967 pudorem

375 4029 379 4036 -
409 4009 448 4050 eoo
463 3991 534 4053 Fert
556 4011 674 4054 ornnenr
699 3992 751 4053 tibi
774 3992 847 4054 liuor
870 3992 963 4054 edax?
985 3992 1012 4064 l,
1036 3992 1166 4071 perdite,
1190 3989 1293 4053 uinclis

460 4092 541 4155 Neue
564 4095 641 4156 ieras
663 4102 729 4173 post
752 4103 834 4173 terga
858 4112 976 4162 uranus,
1000 4094 1035 4155 da
1060 4102 1141 4171 grata
1165 4094 1264 4154 ruenti

459 4199 534 4259 Ante
556 4203 622 4258 tuos
644 4203 756 4258 tractus
777 4197 873 4258 socios
895 4195 1064 4276 spectacula
1087 4195 1183 4275 vulgo.

459 4298 518 4367 lte,
544 4299 606 4361 deis
627 4299 743 4361 inirniea
767 4299 889 4368 cohors,
913 4306 1011 4361 tamen
1034 4299 1087 4366 ite,
1112 4297 1273 4377 Sophiste,

256 4452 461 4461 ——.-——--

322 4552 356 4586 ⁴⁰⁸
375 4568 458 4620 cunq3
477 4557 551 4607 1...3.
605 4570 712 4619 cunque
730 4558 786 4606 M.
838 4552 870 4586 ⁴⁷¹
890 4553 973 4605 Felte
991 4558 1016 4605 5.
1069 4549 1555 4619 ⁴”t10s]snpradesenptaeueae.

255 4636 576 4705 ⁴⁷⁵110niea(om.qno)
596 4643 688 4690 3.4.7.
724 4637 757 4672 ⁴⁸⁸
775 4638 872 4689 infelix
886 4642 976 4692 3.4.7.
1011 4636 1046 4670 ⁴⁸⁰
1063 4638 1203 4689 Dominici
1221 4638 1312 4688 Lm.
1346 4632 1382 4667 ⁴⁸⁵
1399 4636 1554 4704 Hogostn·

256 4727 367 4775 tundi.
413 4722 447 4756 ⁴⁹⁶
465 4725 635 4790 flagiciosior
655 4727 676 4774 t.
697 4725 874 4789 pernitiosior
893 4726 952 4774 Μ.
999 4723 1183 4789 perniciosior
1202 4728 1225 4772 7.
1272 4719 1306 4753 ⁴⁹⁰
1324 4724 1553 4776 vesana.3...6.7.
