3294 5408
305 354 331 391 ·
379 414 500 451 ΙΝΠΒΜ
514 414 552 449 Μ)
564 414 699 473 (ipsust
712 413 924 449 ffllbllblsslb'!
937 412 1159 449 EPIGRAHHATW
1173 412 1267 447 blim-

380 569 473 633 Omne
495 568 667 631 libidinibus
689 587 783 647 genus
806 587 898 649 usque
920 568 956 629 ad
979 575 1110 628 monstra
1132 575 1280 633 noteturn.

355 694 366 733 r
467 672 531 743 Qun
554 672 625 734 dure
648 673 718 751 quid
737 668 825 750 'peius
847 672 886 733 dii
909 670 977 741 tibi,
1001 680 1095 740 terro,
1119 671 1246 750 queant?

380 774 445 837 Neu
468 782 582 835 tantum
605 793 670 847 esse
693 773 801 835 rnulurn
825 775 1026 850 perinisirnus,
1050 790 1114 835 esse
1136 772 1255 833 beaturn

464 877 662 946 Credidimus,
685 876 786 936 ruundi
810 875 1041 954 pertulirnusque
1065 881 1161 953 ceput.

379 978 543 1040 Exhaustus
566 979 656 1055 igitur
679 979 776 1038 nti-ino
799 976 910 1038 luurine
932 984 1061 1045 ruentes,

353 1104 366 1144 e
466 1080 506 1149 0,
530 1087 559 1140 et
580 1082 609 1141 in
633 1098 770 1141 errorurn
793 1081 956 1140 rusticitate
979 1080 1081 1157 vagas!
1112 1100 1115 1105 ·

296 1263 360 1322 149.
710 1267 759 1317 Ab
778 1267 917 1317 IVLIVM.

334 1387 340 1397 '
381 1389 432 1449 llic
454 1388 540 1457 inibi,
564 1394 664 1448 sunete
687 1395 786 1465 nater,
811 1386 938 1447 cotenus
960 1387 1066 1447 ianitor
1089 1385 1178 1460 eules,

465 1491 517 1551 (lui
539 1492 651 1568 geritur
673 1508 796 1549 surnnuu
819 1489 980 1566 relligionis
1002 1507 1092 1568 uper,

380 1593 435 1665 Qui
458 1609 545 1668 reges
568 1594 646 1669 regis
668 1598 755 1671 atque
778 1590 857 1651 loeus
879 1589 1053 1670 relocasque
1076 1598 1231 1670 tyrannos,

354 1714 365 1754 r
465 1693 520 1764 Qui
543 1701 616 1754 nutu
639 1693 726 1754 soleis
750 1702 855 1754 runetu
878 1693 1011 1773 ligasque
1034 1700 1099 1761 tuo,

380 1797 434 1869 Qui
457 1805 574 1856 sanetus
598 1796 669 1856 lueis
691 1805 720 1857 et
742 1798 789 1857 eui
812 1798 934 1873 contigit
956 1814 1019 1857 esse
1040 1793 1125 1856 beate

463 1902 536 1960 Ante
559 1898 687 1967 ebitrnn,
712 1899 760 1979 qui
784 1917 838 1958 nos
859 1906 927 1958 ante
950 1897 1121 1976 obitumque
1143 1897 1229 1966 beas,

380 2001 455 2073 Quid
479 2001 529 2062 tibi
553 2001 725 2062 bernbarrlis
748 2019 823 2079 epus
846 2007 905 2069 est,
929 2000 998 2079 quid
1022 2002 1166 2081 equisque
1188 2001 1316 2079 virisque

354 2122 367 2162 s
466 2104 596 2184 Quinque
619 2111 729 2164 arruota
752 2104 837 2181 pron
859 2120 924 2180 queo
946 2105 1138 2181 sequiturque
1161 2120 1266 2163 munus

380 2206 595 2283 Hostarurnque
618 2208 671 2266 ista
695 2213 792 2282 segete
815 2212 902 2283 utque
925 2202 1116 2265 horrentibus
1138 2206 1245 2265 armis?

464 2308 539 2379 Quid
565 2310 697 2368 eiueturu
721 2324 795 2385 opus
819 2315 870 2368 est
885 2306 941 2366 bue
963 2306 1128 2385 gladiisque
1152 2305 1222 2366 ubit

379 2408 482 2470 Omnia
506 2410 575 2488 qnid
598 2410 690 2469 trahis
712 2409 793 2470 burel
815 2415 865 2468 aut
887 2426 956 2477 eur,
981 2409 1178 2476 surrrrtissirne,
1201 2414 1283 2469 tanto

343 2532 367 2572 n
467 2509 539 2571 Belli
564 2530 654 2590 opere
677 2529 829 2590 expugnas
853 2511 975 2589 oppidu,
999 2521 1112 2579 eastra,
1136 2510 1259 2571 domest

377 2612 482 2676 Nonne
505 2632 594 2673 urunu
617 2621 750 2692 betereo,
776 2609 901 2673 trernulu
924 2612 1010 2672 sirnul
1034 2631 1101 2682 ere,
1124 2611 1216 2673 lerata

463 2716 523 2776 Hes
546 2716 617 2776 dure
639 2716 694 2774 diis
716 2714 813 2775 subito
836 2714 972 2775 Manibus
994 2715 1109 2795 bosque
1133 2716 1208 2776 deei

381 2817 466 2879 Certe
489 2836 592 2877 ornnes
614 2816 693 2877 Petri
716 2816 826 2877 similos
848 2815 968 2877 aliterve
991 2817 1124 2896 probatis

342 2940 365 2979 ro
464 2918 595 2980 bloribus
617 2918 680 2979 brer.
704 2926 826 2998 possunt
849 2921 945 2979 oruniu
968 2920 1130 2998 pontifices

379 3021 455 3094 Quid
479 3020 588 3087 dieenr,
612 3038 648 3080 au
673 3023 812 3100 quonium
836 3021 929 3082 mulus
953 3040 999 3090 es,
1024 3021 1138 3082 diltisus
1159 3028 1188 3082 et
1210 3022 1301 3082 aruris

464 3123 652 3193 Pontilleunr,
676 3131 704 3183 et
727 3141 861 3202 praeceps
883 3124 983 3183 llartis
1005 3125 1034 3183 in
1058 3142 1140 3183 arura
1163 3124 1243 3183 ruisi

378 3225 418 3295 Ο,
442 3226 471 3285 in
495 3232 523 3285 te
546 3233 676 3285 erratum
700 3227 825 3295 ruuudo,
850 3227 913 3305 qui,
938 3244 1005 3285 enrn
1029 3227 1083 3286 istu
1106 3226 1241 3294 lacessis,

338 3347 364 3387 ro
464 3313 529 3388 Neu
552 3327 665 3388 ridete
689 3328 769 3389 Petri
792 3335 820 3389 te
844 3326 948 3407 procul
972 3345 1036 3388 esse
1059 3329 1112 3388 rio.

291 3509 359 3569 150.
473 3514 723 3565 incusentur
743 3516 791 3564 nn
812 3515 1013 3582 urrunnun
1033 3515 1157 3565 srnrr.

377 3634 500 3707 Quande
524 3637 579 3695 erit
601 3642 633 3694 nt
654 3634 753 3695 tierneo
777 3635 933 3696 Geruraniu
958 3642 1041 3715 eapte
1065 3641 1210 3703 resumet,

462 3736 535 3796 lline
558 3736 681 3796 Riemann
705 3746 736 3798 ut
759 3737 854 3798 rideat
876 3757 966 3818 seque
988 3757 1132 3817 suumque
1155 3739 1251 3799 trabi?

377 3839 501 3911 erundo
525 3841 597 3908 erit,
621 3847 653 3899 ut
677 3838 771 3900 bullas
794 3859 926 3919 auroque
950 3840 1082 3921 parabile
1105 3840 1257 3918 qunrubum

350 3960 363 3999 s
464 3940 543 4002 Orbe
566 3940 671 4018 aliquis
695 3942 779 4002 veruli
803 3953 905 4003 cerunt
928 3945 1046 4020 entique
1069 3942 1147 4002 alio‘l

377 4045 433 4103 ltut
456 4050 503 4104 tna
527 4050 687 4123 perpetuu,
712 4044 791 4121 quod
816 4063 911 4114 rrune,
935 4047 1105 4115 Germania,
1130 4045 1241 4113 Cesar,

463 4145 635 4208 Ludibrium
659 4146 760 4206 liunue
783 4147 948 4227 diripientis
970 4149 1047 4208 erit?

377 4244 452 4315 Quin
469 4247 571 4307 rnuruli
588 4249 743 4325 inqreriurn
761 4256 789 4308 et
805 4257 893 4328 eaput
909 4250 1081 4310 boemundi
1098 4251 1273 4331 imperiique

351 4370 364 4408 s
463 4348 546 4427 (Noni
570 4367 690 4427 possnrn
714 4351 792 4412 band
815 4351 891 4412 alind
915 4352 1022 4431 ‹lii-ere]
1045 4351 1138 4413 llerrra
1161 4362 1209 4413 tua
1233 4360 1285 4414 est.

173 4466 375 4476 -—————-

240 4518 251 4549 ³
270 4518 393 4567 libidinis
406 4523 463 4570 24.
517 4520 552 4570 ef.
567 4523 717 4586 strperioris
736 4523 823 4587 epigr.
837 4539 861 4571 r.
875 4518 899 4570 e.

243 4603 298 4652 tut.
330 4603 340 4635 ²
359 4603 501 4669 religionis
515 4608 538 4654 rt.
592 4604 602 4635 ⁶
621 4607 731 4671 dieique
750 4608 849 4656 bertus
862 4607 933 4656 Ante
952 4606 1057 4656 ebitum
1075 4623 1154 4657 uerno
1173 4623 1354 4673 supremaque
1369 4609 1468 4660 funera

172 4687 264 4739 debet.
285 4687 365 4738 Ovid.
377 4695 442 4738 met.
453 4690 504 4739 111.
519 4688 574 4740 tau.
586 4706 625 4755 sq.
637 4697 730 4740 uotum
745 4708 778 4741 ex
787 4691 927 4742 Herodoto
937 4691 1045 4742 Solonis
1058 4692 1169 4743 dietum.
1223 4692 1242 4725 ¹⁸
1255 4693 1382 4743 mundum
1395 4696 1466 4745 2...4.

245 4770 301 4822 150.
333 4771 339 4804 ¹
360 4773 480 4839 Vulgare
499 4775 593 4839 paullo
613 4781 675 4841 post
693 4777 797 4829 factum
817 4782 860 4827 est
878 4776 947 4826 illud
967 4777 1127 4828 ‘Germania
1145 4778 1239 4830 oeulos
1257 4779 1381 4846 reeepit'.
