3294 5408
323 384 446 441 val'l'lldl
460 406 496 441 Ao
508 406 642 442 CAESAREAA
656 407 867 442 Adsimulantur
880 408 1103 445 antennarum!
1115 409 1210 446 planu.
1337 380 1411 453 263
1509 460 1513 471 Ι

323 564 426 634 ‘Quina
444 565 525 622 Petri
543 565 612 622 nihii
632 564 757 638 efficiunt
778 567 817 620 ad
833 568 933 637 praelia
951 570 1057 632 claues.

408 652 532 707 ‘Auxilio
554 651 638 707 Pauli
655 651 776 725 forsitan
797 654 870 708 ensis
890 647 959 708 erit'.

689 766 840 775 ----

238 830 300 892 137.
405 808 408 813 ’
583 835 633 885 ns
651 835 743 885 1vn11
760 834 946 887 eneruem.

321 952 428 1024 lulius,
452 974 467 1014 a
490 954 618 1034 Phrygio
641 956 690 1035 qui
713 953 783 1033 legit
805 973 913 1015 nomen
935 953 1013 1024 lulo,

407 1056 443 1117 Et
465 1058 513 1117 cui
536 1075 614 1116 nunc
636 1076 738 1118 rerum
761 1058 882 1136 contigit
904 1074 969 1119 csse
992 1066 1095 1136 caput,

323 1160 430 1221 Discite
453 1177 528 1238 quos
549 1165 630 1219 tanto
653 1159 768 1219 dederit
789 1176 856 1220 cum
880 1161 1000 1220 nomine
1023 1177 1137 1231 mores,

297 1283 309 1323 r
409 1261 472 1334 ero
496 1263 559 1322 inre
581 1262 730 1322 Assaracis
752 1262 964 1323 adnumeretur
986 1262 1061 1322 aris:
1095 1316 1097 1322 .

322 1363 354 1424 ln
378 1363 484 1425 duhios
507 1379 592 1424 casus
614 1363 731 1424 avidum
755 1382 821 1424 cum
845 1363 1098 1426 Caesarodunum

256 1472 263 1481 “
346 1453 349 1458 ’
407 1464 547 1535 Abstulit,
572 1464 684 1526 ablatos
707 1465 895 1544 deseruitque
917 1467 991 1527 cito:

322 1569 386 1631 Non
410 1586 541 1629 servasse
564 1568 650 1628 fidem
674 1568 831 1629 destructas
854 1568 980 1629 infamiae
1002 1568 1099 1630 Troiae
1121 1578 1182 1639 est,

296 1694 309 1731 a
409 1672 430 1730 A
454 1669 542 1730 Troia
565 1672 593 1731 in
618 1677 741 1731 nostros
756 1671 814 1731 hoc
837 1670 925 1730 trahit
948 1668 996 1732 ille
1018 1670 1090 1732 dies.

321 1773 457 1852 Neptuno
479 1772 649 1852 Phrehoque
672 1772 803 1853 Phryges
825 1775 968 1851 promissa
990 1781 1152 1851 negarunt:

407 1873 548 1953 Exemplo
571 1877 704 1952 geminos
725 1873 798 1935 iallit
820 1880 857 1959 et
871 1873 919 1936 ille
941 1875 1041 1937 duces.

322 1976 435 2037 Persida
460 1976 505 2036 his
529 1977 633 2037 veteris
656 1977 825 2038 ceciderunt
846 1977 990 2055 Pergama
1012 1976 1123 2046 Troiam

285 2100 309 2140 re
409 2083 444 2141 At
467 2078 584 2158 quando
607 2087 657 2138 aut
679 2081 794 2157 quoties
816 2079 949 2160 pertidus
969 2077 1021 2140 ille
1043 2080 1145 2142 cadet?

323 2183 387 2244 Una
409 2180 477 2249 luit,
502 2180 648 2241 decimum
671 2182 742 2242 dum
764 2181 875 2243 hellum
898 2181 979 2242 ducit
1000 2182 1032 2243 in
1053 2199 1180 2251 annarm,

408 2283 663 2345 Laumedoutaeam
687 2284 800 2344 Graecia
824 2283 908 2344 clade
929 2284 1034 2345 tidem:

322 2388 359 2446 At
381 2387 456 2447 leret
477 2384 556 2446 hunc
578 2384 692 2454 Gallus,
716 2387 791 2446 leret
813 2386 1071 2471 hunc-Germania
1094 2403 1213 2466 pugnax

286 2507 311 2548 aa
410 2487 518 2549 Callida
542 2489 682 2566 disposito
706 2495 790 2567 pacta
813 2490 904 2550 scrire
927 2487 1015 2553 dolet
1113 2470 1115 2474 Α

238 2671 301 2731 138-
500 2676 549 2725 AD
569 2675 761 2725 PRINCIPES
780 2674 1032 2727 CHRISTlANOS.

323 2796 371 2857 Sic
394 2797 483 2876 periit
505 2795 602 2874 pudor
624 2802 653 2855 et
674 2797 761 2872 periit
783 2795 954 2874 prudentia,
978 2796 1083 2874 regesi

408 2900 456 2959 Sic
480 2898 557 2957 iurat
580 2898 607 2956 iu
631 2895 744 2958 cladem
768 2915 818 2956 vos
840 2899 903 2958 sine
925 2905 1024 2958 mente
1045 2897 1142 2958 trahi?

323 3003 418 3078 Atque
441 3001 521 3078 ipsos
543 3016 665 3058 suasore
689 3001 767 3059 iurat
789 3016 840 3058 vos
862 2999 989 3077 perdere
1011 2997 1089 3085 lule,

297 3122 309 3161 a
409 3100 565 3161 vaecordes
587 3101 706 3160 monitis
728 3102 758 3160 in
783 3099 894 3162 scelera
919 3100 1005 3161 huius
1028 3102 1094 3180 agi?

324 3205 360 3266 Et
382 3222 450 3264 cum
473 3201 604 3262 nondum
627 3203 702 3262 Asiae
724 3201 834 3263 bellum
856 3205 1064 3284 Aegyptusque
1086 3205 1238 3284 negarint,

392 3306 549 3366 'intestina
572 3304 650 3364 domi
668 3322 833 3367 conserere
856 3323 937 3366 arma
960 3307 1058 3366 iuvat?
1081 3339 1084 3345 -

248 3490 251 3497 Ι
323 3412 380 3470 Aut
402 3410 485 3487 quasi
507 3424 600 3485 pauca
624 3407 688 3489 iero
710 3408 827 3469 veniant
848 3406 912 3468 haee
935 3408 1089 3469 commoda
1111 3409 1231 3478 Taureae,

297 3531 309 3570 e
409 3511 457 3570 Sic
479 3511 609 3589 propriae
632 3511 724 3570 visum
748 3517 792 3571 est
814 3507 905 3570 eladis
928 3527 1029 3571 amore
1053 3510 1145 3580 trahi,

123 3647 324 3658 .....-—————

192 3734 246 3785 tat.
278 3732 323 3783 ¹a
341 3731 452 3783 Caesare
472 3731 551 3780 lulio.
572 3732 609 3781 cf.
624 3730 677 3782 vol.
691 3731 755 3782 IIII.
769 3747 795 3796 p.
810 3728 868 3780 420.
882 3735 940 3781 not.
955 3729 993 3782 1⁶2.
1062 3727 1308 3785 ⁴Assaricia1..t.
1338 3750 1414 3785 assa·

122 3821 186 3869 ricla
205 3822 263 3869 M.
288 3819 456 3878 Assaracus,
481 3816 620 3880 Dardani,
639 3816 800 3876 luvintini,
825 3832 858 3866 ex
875 3816 1057 3868 Erichthonio
1075 3832 1173 3884 nepos,
1199 3819 1296 3885 Capyn
1320 3821 1413 3877 filium.

122 3905 271 3955 Anchisam
295 3910 422 3968 nepotem
446 3902 558 3962 habnit,
588 3903 647 3952 sive
670 3903 819 3952 sectandum
840 3902 911 3953 alios
927 3903 1008 3954 Trois
1032 3901 1104 3953 filius
1124 3904 1184 3954 tuit.
1220 3906 1350 3955 Assaraci
1369 3907 1415 3956 avi

123 4006 183 4040 cum
203 3991 294 4055 ‘gente
314 3988 446 4038 Assarici'
466 3988 558 4052 (Verg.
573 3987 640 4037 Aen.
655 3988 701 4037 IX.
714 3986 784 4050 lilii.)
804 3986 885 4036 iidem
905 3992 976 4049 sunt,
996 3988 1015 4037 i.
1030 4003 1053 4038 e.
1068 3988 1189 4050 Troiani,
1211 4006 1228 4039 a
1247 3972 1344 4055 quihus
1362 3991 1415 4041 llo·

122 4076 196 4125 mani
215 4073 299 4138 (lulis
317 4072 547 4138 gensinprimis)
567 4073 651 4121 venit.
684 4126 689 4134 ,
716 4070 788 4134 ⁷„..
808 4088 869 4122 eum
887 4078 996 4123 vertero
1016 4073 1051 4123 ab
1071 4074 1125 4124 imo
1144 4075 1256 4125 Structo
1274 4076 1342 4125 meis
1360 4092 1416 4125 ma·

121 4161 202 4210 nibus
220 4160 338 4225 periurae
356 4159 458 4208 moenia
470 4158 577 4207 'l'roiec''
598 4158 678 4221 Verg.
691 4156 759 4208 Aen.
773 4157 805 4205 V.
818 4156 877 4207 810.
891 4173 930 4222 sq.
1000 4158 1011 4188 ⁹
1028 4159 1170 4225 Neptunus
1189 4166 1217 4209 et
1234 4159 1331 4224 Apollo
1343 4161 1415 4210 Lao·

122 4245 242 4295 medenti
266 4243 392 4294 mercede
417 4243 545 4293 conducti
574 4247 752 4293 extruxerant
775 4242 819 4291 Ilii
842 4243 958 4305 meanis,
987 4242 1034 4294 hic
1062 4249 1153 4294 sutem
1177 4245 1296 4309 perlecti
1324 4246 1415 4309 operis

122 4330 275 4380 mercedem
296 4329 348 4378 diis
366 4334 459 4394 negat.
479 4327 559 4377 Iliad.
574 4329 648 4379 XXI.
662 4327 721 4378 tel.
735 4342 776 4392 sq.
790 4327 923 4377 vnn-¹12.
937 4342 978 4393 sq.
1048 4326 1070 4361 ¹⁰
1091 4328 1159 4378 Post
1180 4327 1265 4393 ligem
1284 4328 1415 4379 Camara-

123 4430 234 4464 censem
253 4413 338 4464 lulius
357 4419 413 4463 tum
433 4430 449 4463 a
467 4422 546 4478 parto
567 4413 686 4462 Caesaris
705 4416 801 4462 contra
821 4411 929 4474 Gallos,
949 4418 1004 4461 tum
1025 4419 1139 4479 aparte
1158 4413 1299 4464 Gallorum
1318 4420 1416 4464 contra

122 4480 262 4550 Caesarem
281 4502 405 4549 steterat.
477 4496 496 4530 ¹¹
514 4499 601 4547 Vetus
620 4497 701 4547 llium
719 4497 839 4547 Troiano
858 4496 932 4546 bello
950 4497 1068 4560 cecidit,
1092 4513 1191 4548 novum
1212 4497 1246 4548 ab
1265 4497 1416 4550 Alexandri

121 4585 159 4635 M.
174 4584 343 4650 temporibus
361 4599 410 4649 per
424 4582 500 4633 Rom.
515 4583 624 4648 imperii
643 4584 735 4633 florem
754 4585 840 4633 stetit.
895 4580 915 4612 ¹⁵
933 4579 1018 4648 hunc]
1038 4581 1137 4632 Iulium
1150 4582 1184 4632 11.

193 4666 664 4741 138.³1ul0]lulioll.utv.11.
717 4666 884 4718 ⁴Vecordes
902 4667 1074 4732 eddproeter
1093 4670 1116 4717 1.
1174 4665 1332 4718 ⁵Selimum
1351 4669 1373 4719 1.
1388 4676 1416 4719 et

124 4755 219 4806 Horae
236 4755 438 4805 Barbarossam
457 4755 485 4802 in
504 4754 663 4803 memoriam
683 4758 797 4804 revocat
815 4757 906 4818 poeta.
