3294 5408
266 364 349 436 178
372 395 491 431 nuum
504 396 541 430 DE
555 396 645 431 BELLO
660 397 734 430 SVSC.
745 396 809 431 ADV.
823 396 922 431 visust.
934 397 967 428 ΕΤ
982 395 1087 431 ’11111018
1103 395 1206 429 ORATIO
1220 395 1352 429 HAXHssL.
1364 395 1428 430 AVG.
1440 396 1535 430 utcu.

272 570 334 608 cium
355 555 441 625 copiis
463 564 614 608 cottettlerd
635 551 749 605 animati
767 567 821 620 pra
841 552 1013 605 sanctissima
1036 557 1113 605 terra
1133 554 1219 614 mori,·
1245 554 1384 622 petierunt
1404 554 1433 606 in
1455 550 1572 623 Syriam

272 639 387 694 nauibus
408 637 610 709 uarnportari;
644 635 788 691 Venetiaai
802 641 917 704 accepta
938 635 1062 690 mercede
1084 635 1215 691 aduersos
1234 643 1325 692 uentos
1343 638 1501 692 simulantes
1523 651 1570 692 eos

271 725 300 779 in
321 722 462 780 Dalmatia
481 726 673 791 exposuerunt
694 728 832 774 eteorum
854 735 942 789 opera
964 722 1008 774 usi
1028 726 1092 774 suat
1112 720 1151 774 ad
1168 720 1301 776 Iadaam
1326 737 1361 775 ae
1379 723 1451 776 alias
1472 723 1569 776 cirita·

272 815 312 863 tes
337 822 400 880 pute
421 806 624 862 rebellauerant
655 821 673 858 a
702 804 809 861 Venetis
837 805 1026 875 recipiendas:
1053 807 1161 861 interim
1183 805 1381 877 Iberosolpmoe
1406 808 1567 876 capitaneae,

271 909 326 948 non
344 892 452 964 quidem
465 890 682 948 Christianorum
703 890 874 959 neplipeutia,
896 898 927 944 ut
938 891 1067 960 plerique
1085 889 1265 956 arbitrantur,
1287 891 1337 945 sed
1357 891 1419 947 dato
1440 907 1476 945 ac
1494 903 1589 962 pro-s

272 977 371 1033 ditione
388 1040 389 1044 Ἰ
406 976 577 1033 Venetorum.
621 976 683 1046 quis
714 974 759 1029 bic
791 991 845 1029 aaa
879 974 1059 1045 vociferat-ct,
1094 976 1325 1042 excandesceret,
1358 978 1569 1047 inperaiscerett

204 1052 413 1138 §.st.2·,⁸‚¹;,⁶*(
442 1059 542 1117 Pisani
563 1059 695 1131 quamdiu
719 1059 890 1129 floruerunt,
923 1059 1080 1113 Genuenses
1104 1062 1179 1114 amni
1204 1067 1326 1132 tempore
1349 1059 1513 1115 Cbristiams
1538 1061 1567 1115 in

271 1148 374 1202 oriente
393 1144 579 1202 laborana'bus
598 1145 656 1199 suis
682 1143 817 1199 classibus
841 1143 1039 1205 subvenerant·
1062 1150 1091 1197 at
1119 1144 1262 1199 Venetiaui
1286 1160 1396 1216 semper
1425 1146 1504 1216 infidi
1530 1160 1567 1199 ac

267 1230 460 1304 fraudulenti,
481 1242 592 1301 semper
612 1228 739 1284 crudeles
761 1231 917 1283 extiterunt.
960 1228 1016 1283 Hic
1035 1230 1118 1283 multa
1136 1235 1273 1299 praterea
1295 1231 1330 1285 de
1352 1229 1440 1301 Sapbi
1459 1229 1564 1285 Persa-

269 1308 329 1352 Μ
269 1308 395 1393 mm}
422 1331 486 1370 rum
505 1327 583 1386 repe,
604 1315 652 1384 qui
672 1315 909 1368 maximumcum
935 1313 1034 1368 ancis
1051 1314 1148 1368 bellum
1168 1317 1253 1385 perit,
1277 1317 1357 1369 euius
1378 1321 1505 1370 oratores
1526 1315 1600 1370 adso

270 1400 440 1459 Obrutiauos
449 1398 595 1471 pracipes
611 1400 747 1454 uenientes
765 1399 907 1454 Venetioai
918 1398 1092 1453 retrocedere
1106 1407 1260 1470 caeperunt.
1283 1402 1373 1455 omitta
1387 1401 1466 1496 lonpe
1477 1400 1564 1471 plura

270 1474 426 1561 mmm!
456 1485 490 1540 de
514 1483 664 1538 Emanuelc
689 1483 766 1555 Repe
792 1483 988 1538 lusitanorum
1014 1499 1049 1537 ac
1070 1483 1334 1555 Portupattensium,
1365 1486 1413 1556 qui
1437 1501 1520 1558 quom
1546 1502 1565 1538 a

270 1578 345 1642 terpo
366 1569 494 1641 Libpoe'
483 1586 511 1623 sn
531 1582 610 1623 mare
631 1567 746 1623 rubrum
774 1570 880 1623 classes
904 1569 1038 1622 multas
1027 1585 1083 1621 ram
1106 1571 1211 1624 miserit
1237 1574 1264 1624 et
1282 1569 1413 1640 Aepppti,
1441 1568 1564 1635 mama,

270 1653 408 1722 Persidis,
442 1654 631 1720 Garumnae,
665 1651 768 1718 hidiae,
805 1652 980 1723 Taprobanen
1004 1653 1076 1722 lines
1099 1655 1250 1724 populatus
1274 1652 1378 1724 suerit,
1405 1670 1422 1707 a
1457 1653 1566 1709 Venetis

270 1755 369 1811 acapna
390 1739 453 1794 odio
471 1737 580 1793 babitus
600 1743 656 1805 est,
682 1737 757 1808 quad
774 1752 820 1792 eos
837 1740 865 1791 in
884 1739 1037 1793 sacietatem
1059 1738 1131 1792 itlius
1149 1741 1299 1793 commertii
1321 1740 1447 1808 recipere
1467 1740 1562 1804 notuit,
1575 1751 1597 1789 ts

269 1825 303 1881 ob
320 1838 436 1895 casuque
456 1838 571 1878 causam
587 1821 704 1894 fabros,
730 1824 888 1889 materiam,
915 1839 996 1876 orma
1015 1821 1138 1877 Saldano
1160 1824 1355 1894 Aeppptiorum
1373 1829 1493 1894 tyranno
1515 1825 1564 1876 mi·

270 1915 384 1976 serunt,
406 1915 437 1964 ut
452 1908 590 1979 edificata
610 1915 692 1980 atque
708 1909 842 1962 instructa
865 1909 955 1962 classe
970 1905 1195 1978 Portupollenses
1216 1925 1233 1961 a
1255 1910 1337 1962 tantis
1356 1910 1470 1979 inceptis
1490 1923 1565 1962 sum·

201 1997 259 2049 111.
270 1999 396 2050 merua.
439 1985 552 2048 mansee
570 2008 633 2065 pute
652 1995 682 2046 ia
704 1991 805 2063 Cypro,
828 1995 855 2046 in
880 1991 971 2059 Creta,
994 1994 1021 2046 ia
1042 1992 1139 2060 Panto,
1165 1995 1192 2046 in
1214 1993 1416 2063 Peloponneso,
1439 1995 1467 2046 in
1481 1993 1565 2047 omni-

269 2079 319 2135 bus
341 2077 505 2150 Cycladibus
526 2083 624 2134 contra
647 2076 815 2133 Christianos
833 2081 1033 2148 patraverunt,
1063 2092 1098 2130 uc
1124 2083 1230 2131 uestras
1246 2079 1463 2147 patientissimas
1479 2091 1566 2132 aures

269 2178 366 2220 eorum
391 2162 540 2218 sceleribus
566 2162 680 2216 ulterius
705 2160 869 2216 obtundam:
900 2178 985 2216 unum
1012 2170 1115 2216 tanturm
1141 2163 1230 2216 dicam
1263 2169 1288 2216 et
1305 2163 1371 2233 linis
1395 2164 1455 2216 erit.
1501 2161 1599 2232 etp-n

269 2241 384 2324 uun-ul
412 2247 500 2303 deoru
525 2248 618 2302 ciuitas
645 2252 685 2301 est
705 2244 909 2301 Soluntinorum
938 2249 965 2300 in
993 2249 1125 2301 extremis
1146 2249 1204 2300 oris
1234 2246 1341 2302 Italiae:
1368 2246 1442 2301 bane
1468 2246 1566 2301 urbem

272 2332 373 2389 suaa
383 2337 466 2387 terra
485 2332 612 2402 marique
630 2331 755 2385 obsidere
772 2331 863 2386 adorti
879 2338 952 2387 snut.
995 2333 1042 2386 itta
1062 2330 1153 2386 italice
1178 2333 1262 2403 repio,
1283 2348 1345 2402 quae
1366 2338 1440 2386 certe
1461 2348 1565 2402 mapna

269 2417 495 2489 acserdls'ssima
517 2422 572 2482 est,
598 2415 638 2476 at
660 2415 805 2487 Garpauos
831 2431 917 2488 usque
939 2422 1041 2470 neantes
1066 2423 1120 2471 tota
1144 2415 1302 2471 Turcarum
1318 2416 1439 2486 flammis
1460 2431 1564 2472 exure·

269 2496 366 2570 batur,
388 2503 671 2571 etiamnoure'pna
694 2499 794 2555 Siciliae
816 2508 935 2566 tantum,
958 2488 1140 2567 salliance,
1169 2503 1330 2558 sanctuaria
1352 2501 1409 2569 dei,
1432 2500 1563 2557 sedlta·

269 2587 313 2643 liae
342 2601 378 2642 ac
405 2589 453 2643 loti
479 2586 676 2643 Christianitoti
697 2585 864 2641 timebamus.
909 2587 970 2657 quis
999 2592 1054 2639 tum
1082 2585 1300 2642 Christianarum
1329 2603 1384 2642 nan
1416 2588 1597 2659 inpemuittns

268 2673 330 2744 quis
350 2686 430 2744 opem
450 2687 505 2726 non
523 2672 598 2737 tulit,
626 2686 706 2741 quom
736 2669 770 2724 ab
799 2670 931 2742 Ursparis,
960 2670 996 2723 ab
1023 2676 1147 2725 extremo
1174 2673 1359 2744 septentrione
1384 2676 1469 2742 atque
1490 2673 1565 2726 occi·

270 2756 350 2813 dene
364 2755 485 2828 undmue
506 2757 613 2811 auaitia
634 2759 835 2822 convenissent,
858 2760 884 2809 et
903 2771 957 2810 nau
977 2756 1120 2825 principes
1142 2771 1176 2810 ac
1197 2758 1318 2812 cirimtes
1331 2757 1427 2821 solum,
1448 2756 1501 2812 sed
1514 2755 1563 2827 [a-

201 2847 262 2907 §..ss
271 2842 353 2897 mdia
378 2840 504 2913 fratrum
530 2840 742 2897 mendicantium
769 2854 877 2912 quoque
902 2839 1026 2894 subsidia
1050 2847 1233 2910 prestarent,
1266 2841 1318 2895 soii
1351 2840 1493 2896 Venetiaai
1517 2841 1568 2912 qui

267 2918 362 2998 w„
363 2916 543 3002 “¹⁸'⁰⁸⁴¹,2,',⁰,”·l
575 2932 630 2981 tum
655 2926 770 2980 classem
798 2926 1007 2994 paratissimam
1038 2939 1073 2978 ac
1105 2926 1341 2981 instructissimam
1373 2927 1401 2980 ia
1431 2924 1565 2980 ancnoris

268 3013 401 3087 tlorcprae
421 3011 560 3077 tenebant,
587 3012 637 3082 qui
656 3011 708 3065 soli
727 3009 891 3064 obsidionem
912 3010 1018 3064 soluere
1033 3011 1200 3080 potuissent,
1225 3011 1277 3065 soti
1296 3017 1480 3082 spectatores,
1507 3025 1599 3070 aonsa

267 3096 448 3152 aueibotores
477 3110 537 3151 esse
568 3097 735 3150 maluerunt.
777 3095 844 3167 perid
873 3095 1073 3149 auxiliatores.
1108 3096 1188 3150 imma
1214 3095 1373 3165 proditores
1404 3098 1563 3161 exuerunt,

264 3197 348 3254 quom
366 3182 516 3237 simultates
530 3187 659 3252 pererent
676 3195 738 3234 cum
763 3179 940 3234 Ferdiaando
960 3193 1025 3249 repe
1041 3178 1285 3250 Neapolitanorum
1303 3186 1422 3251 propter
1438 3180 1563 3252 Atpeboa·

268 3279 331 3321 suin
349 3266 445 3337 filium,
466 3267 515 3337 qui
534 3271 599 3322 tune
618 3265 781 3320 Hetruriam
803 3264 870 3318 betto
891 3263 1037 3335 quatiebat,
1058 3266 1179 3320 timentes
1200 3280 1235 3320 ne
1256 3268 1346 3320 maiar
1361 3266 1460 3337 [iureis
1481 3281 1565 3336 quom

267 3351 323 3421 ipsi
340 3366 396 3405 nou
412 3358 541 3421 possent,
560 3363 616 3420 per
634 3349 659 3405 T
657 3364 742 3404 arcas
763 3351 882 3404 irirurias
903 3363 970 3403 snas
992 3351 1087 3404 ulcisci
1105 3351 1276 3416 maluerunt,
1301 3357 1383 3422 atque
1399 3352 1437 3404 ita
1454 3349 1565 3406 lurcos

200 3436 297 3497 §.tuin
318 3433 430 3491 Italiam
451 3451 470 3489 a
490 3437 547 3490 suis
566 3435 717 3491 ceruicibus
738 3437 901 3507 reiecerunt.
944 3433 1134 3489 recordamini
1152 3437 1282 3506 temporis
1304 3435 1391 3500 itlius,
1420 3451 1504 3505 quom
1526 3434 1598 3496 abis

268 3519 392 3577 omnibus
420 3519 484 3591 fere
510 3517 672 3576 Obsistianis
697 3519 853 3574 laboratum
881 3525 935 3586 est,
965 3525 991 3573 et
1017 3526 1103 3574 morte
1130 3518 1217 3574 Turci
1240 3522 1313 3591 repis
1346 3534 1422 3590 aspre
1448 3519 1566 3575 obbnui-
1608 3584 1611 3593 y

268 3619 343 3672 mus,
372 3609 403 3660 ut
430 3604 589 3660 Mdrtuuem
607 3604 765 3676 Hydruutis
786 3605 932 3676 facerent:
960 3608 1025 3674 quat
1052 3605 1125 3658 mitia
1147 3603 1367 3660 Christianarum
1393 3610 1457 3659 tunic
1491 3603 1560 3660 Tur-

267 3693 308 3746 eis
330 3689 456 3746 mambae
476 3689 614 3745 braidam
635 3696 715 3744 secret!
742 3698 872 3760 astantum
891 3687 1041 3745 Christiani
1060 3690 1204 3760 sunpuinis
1225 3688 1391 3745 eabaustum
1419 3696 1474 3744 estt
1502 3697 1567 3760 preat

267 3774 440 3830 nobilissima
465 3779 615 3840 matraaoe,
645 3781 709 3846 quot
737 3777 869 3846 m'rpines,
894 3778 960 3845 quat
981 3776 1067 3843 pueri
1093 3776 1120 3827 iu
1147 3775 1276 3828 miseram
1305 3775 1458 3829 seruitutem
1487 3775 1566 3845 rapti

266 3865 338 3926 suat,
356 3875 473 3932 quorum
493 3860 543 3913 atii
561 3859 653 3914 adbuc
678 3859 776 3914 'turcis
796 3860 931 3931 abncpata
950 3859 1007 3929 fide
1021 3859 1152 3926 seruiunt,
1175 3861 1243 3913 alios
1265 3859 1393 3930 spondi,
1416 3860 1465 3930 qui
1478 3876 1596 3931 quonum

267 3945 329 4000 iare
343 3944 503 4016 postliminii
521 3945 629 3999 reuersi
648 3959 691 3998 me
711 3946 753 3998 tas
776 3944 879 3998 dicente
898 3945 946 4000 uix
967 3943 1163 4014 aparentibus
1183 3949 1455 4014 reeopnosccrentur,
1479 3950 1563 3998 tatum

267 4026 362 4101 sorum
385 4028 536 4101 locbrpmis
564 4029 747 4100 compleuere.-
775 4045 830 4083 naa
857 4030 967 4083 memini
988 4027 1156 4083 Cbristiaaos
1185 4031 1316 4083 neaiarem
1339 4028 1446 4083 cladem
1464 4036 1562 4099 pertu-

199 4114 347 4182 t.tt.lisse,
369 4129 385 4169 o
413 4112 567 4183 Venetiam,
586 4130 668 4185 quarn
691 4112 762 4168 uobis
782 4113 938 4169 auctoribus
951 4116 1082 4184 perpessi
1101 4123 1210 4170 sumus!
1230 4113 1331 4244 Sed·si
1351 4112 1473 4169 homines
1493 4112 1568 4168 obliti

336 4307 347 4341 ¹
366 4328 391 4364 s.
407 4310 481 4362 1187.
552 4311 574 4345 ¹⁰
596 4311 687 4362 Scheh
710 4311 811 4362 Ismael
831 4311 1182 4377 Soph11.a.1501...15·23.
1201 4312 1246 4376 (de
1268 4329 1316 4378 quo
1336 4317 1414 4376 ptura
1432 4317 1480 4364 aot.
1493 4313 1563 4378 1111.)

269 4394 289 4429 ¹¹
307 4396 442 4448 namuel
459 4397 643 4454 Fortunatus,
663 4413 712 4447 rex
730 4413 754 4447 a.
771 4395 944 4447 1495...15·21.
962 4398 1082 4448 Maxime
1102 4400 1130 4448 in
1144 4414 1169 4448 a.
1185 4397 1257 4449 1501.
1277 4398 1404 4448 incidunt
1422 4413 1483 4462 quae
1501 4398 1529 4448 h.
1542 4397 1561 4447 l.

267 4482 431 4532 referuntur.
496 4479 517 4514 ¹⁸
534 4480 609 4545 lybie
629 4485 652 4530 1.
721 4479 742 4512 ¹⁶
761 4480 951 4532 8111111011.
972 4482 1068 4532 Kunsu
1087 4481 1215 4547 algouri.
1276 4481 1296 4514 ¹⁸
1314 4482 1561 4548 pellaponenffot,

268 4566 445 4633 Pottopofieso
456 4569 482 4616 2.
524 4565 549 4609 7¹
564 4566 680 4625 Otraato,
694 4582 711 4616 a
723 4565 873 4617 Mahometi
886 4566 922 4615 11.
935 4565 1024 4616 classe
1038 4582 1169 4631 oppressa
1182 4584 1217 4617 m.
1229 4568 1299 4632 Aug.
1312 4565 1396 4625 1480..
1408 4573 1470 4631 post
1484 4569 1563 4617 cuius

267 4650 436 4712 Venetorum
449 4650 533 4701 amici
545 4656 659 4701 mortem
673 4651 709 4714 (d.
722 4649 746 4700 3.
761 4650 827 4701 Mai.
842 4665 867 4699 a.
884 4648 968 4712 1181.)
982 4652 1082 4701 civitas
1097 4666 1113 4700 a
1126 4651 1268 4700 Lusitanis
1282 4653 1470 4717 Hispanisque
1484 4668 1561 4702 recu·

267 4740 388 4800 perator.
439 4733 462 4766 ²¹
480 4735 569 4785 Monte
587 4738 614 4786 di
630 4735 659 4787 S.
674 4737 781 4801 Anpeto.
