3294 5408
90 433 263 470 stevrnstur
277 432 381 468 erasm
395 430 556 467 rurvuruvs
570 431 709 469 noeroets
723 430 864 468 aaronem
879 427 1125 466 saeuctrmoms
1138 427 1293 464 sucemou.
1313 399 1386 471 427

294 587 442 648 Ornatura
464 585 540 648 latus
562 587 704 648 demittite
725 587 845 666 parietis
868 584 968 664 ampli.

242 710 281 752 aso
295 688 353 749 Vos
376 707 509 768 (quoque,
532 689 662 760 finitimi,
685 690 815 767 speeiem
838 687 915 749 bane
937 694 1058 765 augete,
1082 686 1184 754 Sueti,

294 791 526 868 Vestrarumque
548 789 667 870 aliquod
690 790 757 851 date
778 791 895 868 signum
918 789 1098 858 divitiarum,

294 893 331 955 Et
353 892 460 955 lestum
484 890 632 955 celebrate
654 893 748 954 diem:
772 890 947 953 celebratior
969 890 1023 952 ibit

295 996 348 1056 Vix
370 993 460 1065 allus,
484 995 534 1074 qui
556 1012 625 1056 vera
647 996 740 1072 magis
762 993 811 1055 det
833 993 937 1072 gaudia
960 992 1056 1054 vobis:

295 1099 353 1158 Vos
375 1104 479 1158 ornate
502 1096 607 1158 urbem
631 1097 813 1175 proprioque
836 1095 983 1157 extendite
1006 1093 1086 1156 cultu

244 1222 283 1264 ses
298 1199 420 1269 lloenia;
444 1217 495 1261 vos
516 1207 618 1277 portas
643 1206 786 1278 tectoque
809 1196 927 1259 aliunde
949 1203 1054 1275 paratu

294 1302 459 1380 Conspieuo
482 1319 585 1362 muros
606 1303 774 1381 turrelsque
796 1299 916 1381 implete
938 1299 1115 1378 domusque!

295 1403 398 1466 Vester
420 1403 531 1475 bonor,
555 1410 685 1465 vestrum
707 1402 799 1465 decus
823 1411 867 1465 est
888 1402 1030 1482 vobisque
1052 1404 1221 1482 propinquo

293 1508 316 1568 Α
339 1506 488 1585 Capnione
511 1504 601 1575 redit,
625 1523 713 1585 quam
736 1505 838 1576 nobis,
862 1504 954 1584 gloria
976 1505 1085 1565 maior:

295 1607 407 1669 Prodiit
429 1626 446 1668 a
468 1606 565 1669 vobis:
589 1626 692 1670 omnes
715 1609 836 1677 audete,
861 1607 964 1678 Saevi,
1248 1604 1296 1685 lu
1309 1628 1387 1663 sle-01.

241 1729 281 1772 sao
294 1711 432 1772 Vestrum
454 1718 660 1772 ornamentum
684 1709 788 1791 plausu
809 1712 921 1771 iactare
943 1706 1089 1788 superbo;

294 1812 380 1874 llune
403 1814 542 1892 praelerte
564 1812 628 1874 aliis
650 1810 810 1893 solitosque
833 1810 977 1873 excellere
1001 1809 1080 1871 solos

293 1914 422 1993 lngeniis
443 1913 531 1976 ltalos
553 1915 630 1976 lama
653 1915 728 1976 lente
751 1932 815 1976 esse
838 1914 982 1982 minores,

292 2016 335 2077 lle
357 2017 521 2096 primisque
543 2015 630 2078 alieni
653 2024 782 2078 vestrum
806 2017 974 2094 componite
997 2016 1105 2076 civem:

293 2117 353 2180 Nos
375 2119 463 2180 etiam
486 2119 643 2187 audemus,
667 2119 884 2198 Germaniaque
908 2116 1009 2178 obiieit
1030 2117 1127 2177 omnis

241 2241 280 2283 aas
295 2221 326 2282 ld
350 2220 433 2281 Latio
456 2220 589 2288 decoris,
614 2219 835 2300 fulgentemque
858 2218 997 2280 omnibus
1019 2219 1101 2281 horis

293 2322 440 2402 Tempore
463 2329 608 2401 perpetuo
630 2341 685 2402 pro
708 2342 740 2386 se
763 2330 792 2383 et
813 2340 869 2402 pro
891 2321 977 2382 laude
999 2338 1122 2383 suorum

295 2423 429 2484 Ostendit
452 2423 546 2485 lucem
570 2432 600 2485 et
622 2425 774 2487 monacbis
796 2426 865 2486 sinit
886 2423 934 2485 ilia
957 2425 1071 2503 rumpi:

292 2525 418 2588 lnlerior
439 2533 538 2588 tamen
561 2527 618 2587 hoe
641 2526 753 2606 reliqua
777 2535 821 2589 est
844 2527 999 2589 Germanis
1022 2524 1120 2595 vobis,

297 2629 320 2689 a
344 2628 447 2690 Suevis
469 2630 522 2688 toti
545 2629 638 2690 decus
660 2629 717 2690 ltoe
739 2630 818 2709 quod
842 2629 951 2708 prodiit
973 2629 1056 2698 unis,

242 2750 281 2792 aso
337 2731 420 2791 Dicat
441 2730 487 2800 le,
510 2732 534 2791 si
556 2749 589 2792 se
611 2733 691 2793 novit
712 2733 885 2801 Germania,
909 2731 1000 2798 dieat,
1071 2762 1077 2768 ·

297 2833 502 2912 victoremque
524 2852 611 2895 suum
634 2832 715 2894 nullo
739 2832 895 2895 fraudetur
918 2832 1040 2892 bonore.

293 2934 354 2996 lam
377 2934 488 2996 celebri
510 2952 618 3014 pompa
641 2935 742 3014 spoliis
765 2953 913 3014 curruque
937 2935 1137 3014 propinquum
1183 2929 1387 3021 lgggwggpfflssglff·

293 3037 392 3098 Prima
416 3037 525 3098 vehunt
547 3040 669 3099 iuvenes
692 3036 865 3116 tabulasque
889 3043 917 3098 et
938 3037 1021 3115 signa
1044 3035 1235 3114 colossosque

293 3139 441 3218 Armaque
464 3140 645 3200 devictorum
669 3138 796 3200 imbellia
820 3146 996 3219 sumptaque
1018 3138 1118 3199 lurtim

242 3260 281 3300 au
295 3241 493 3302 Instrumenta
515 3243 600 3311 uiris,
626 3241 713 3303 telum
736 3240 884 3304 imbecille
907 3241 1057 3322 librosque

292 3342 329 3403 Et
350 3342 441 3421 spolia
465 3350 494 3404 et
517 3345 609 3405 irae-te
632 3345 748 3422 ligenda
773 3365 807 3406 ex
831 3344 916 3405 hoste
937 3342 1069 3423 trophaea

293 3443 372 3506 llille
394 3454 567 3524 argumenta
590 3447 653 3516 hie,
677 3454 706 3509 et
728 3446 807 3508 mille
830 3447 966 3508 feruntur
989 3445 1119 3515 elenchi,

220 3592 231 3610 .
294 3547 331 3608 Et
352 3546 453 3609 multis
476 3565 603 3610 noenum
626 3567 778 3620 murmur,
802 3547 966 3629 linguaeque
988 3548 1167 3627 prophanae,

295 3650 512 3730 Sacrilegaeque
533 3668 651 3722 manus,
675 3653 865 3731 promptique
886 3650 1025 3712 invadere
1049 3651 1155 3719 rietus,

242 3771 280 3811 uu
296 3752 455 3831 Exertique
478 3752 568 3815 labris
591 3755 710 3824 dentes,
734 3755 856 3832 nasique
879 3754 1012 3822 recursi,

293 3855 478 3935 Luminaque
501 3854 652 3935 obliquum
676 3855 804 3932 delleta,
827 3852 1052 3935 superciliisque

293 3956 457 4019 Contraetae
479 3958 605 4027 frontes,
630 3958 766 4038 oeulique
789 3956 938 4018 horrenda
960 3963 1092 4027 tuentes,

293 4058 490 4138 lividulaeque
512 4076 610 4136 gente,
635 4067 664 4119 et
685 4059 801 4121 rabiosa
824 4060 938 4121 silentia
962 4061 1071 4137 pressis

91 4197 293 4205 ———-—

157 4278 191 4312 ³⁶⁰
209 4278 330 4346 finitimi]
352 4279 623 4332 Piomhemiensibus
640 4280 825 4331 Bedensibus.
844 4279 1013 4332 Reueblinus
1031 4280 1194 4346 Stutgartiae
1213 4279 1320 4330 domum
1338 4281 1386 4333 he-

89 4363 183 4415 bebet.
249 4362 362 4429 augete]
382 4379 484 4430 augere
504 4368 528 4414 t.
587 4364 788 4431 161(Σοιιιιῃίοο
807 4370 831 4416 5.
902 4363 936 4397 ³⁷³
954 4365 980 4414 b.
996 4370 1061 4415 eet
1080 4364 1248 4415 carminibus
1266 4370 1386 4416 vestrum

90 4449 189 4509 civem,
205 4448 395 4512 Reuehlinum‚
410 4448 630 4501 celebratissimo
644 4454 806 4516 cuicumque
821 4451 960 4516 indigente
973 4450 1064 4500 Suevo
1078 4457 1239 4514 conparate.
1274 4447 1307 4480 ⁸⁷⁴
1319 4449 1385 4517 Nos]

90 4535 256 4600 Expectaris
269 4534 303 4584 ab
323 4535 448 4586 llutteno
466 4536 631 4586 Freneoniee
644 4551 702 4587 suae
715 4537 826 4587 brevem
845 4535 1041 4586 laudationem.
1078 4532 1111 4565 ⁸²⁵
1124 4530 1208 4599 boris]
1227 4528 1308 4584 tuatim
1320 4537 1385 4586 oris.

88 4617 121 4651 ³²⁸
140 4617 201 4685 toti]
221 4619 385 4671 Germeuioe.
455 4617 489 4652 ⁸¹⁵¹
509 4618 660 4686 fraudetur]
685 4622 763 4672 Recte
780 4623 846 4672 dano
863 4622 988 4671 licentiam
1005 4621 1133 4684 vituperat
1154 4620 1276 4669 (driutius
1295 4624 1386 4686 „puto

89 4702 235 4768 legendum
256 4704 434 4755 ‘defraudet‘2
454 4703 523 4755 illud
541 4706 633 4757 nescit
651 4705 789 4757 Latium”.
842 4704 877 4737 ³⁸⁰
895 4704 981 4757 labris
1047 4704 1220 4769 Luminaque
1239 4707 1321 4755 omnia
1338 4721 1386 4757 ex-

66 4791 205 4839 ·elderuut
223 4795 248 4839 5.
301 4789 333 4822 ³⁹¹
353 4788 549 4858 superciliique
569 4795 594 4842 5.
629 4860 633 4867 1
1178 4774 1181 4779 ¹
