3294 5408
620 386 751 421 hvnovicl
766 384 882 420 ussum
897 385 1018 420 vussino
1032 385 1153 420 Lsouvst.

445 546 584 612 Gereoni,
606 543 764 614 Aethiopes,
786 541 976 597 Mamalucchi
995 542 1211 616 Iannizarique‚

531 629 628 687 Omnia
642 629 773 700 purpaoit
795 629 886 682 littora
903 627 1054 699 prodipiis3

445 717 539 788 Hique
559 718 709 770 immotas
730 714 869 784 liquerunt
890 711 1028 768 Phasidos
1045 713 1151 782 undas,
1171 764 1175 770 .

407 820 433 862 ῃ
533 799 581 856 Illi
602 799 722 853 Niliacos
740 797 888 852 deseruere
908 799 1001 858 sinus:

447 885 509 942 Non
531 884 631 939 absunt
650 882 735 954 Lydi,
758 880 942 952 Strophades,
964 898 1020 935 uon
1045 879 1137 952 Surus
1161 881 1291 948 Orontes,

532 969 589 1024 Nec
608 981 691 1040 pens,
711 967 898 1037 plamantis,
922 967 1044 1035 Punica,
1064 965 1184 1037 fracida,
1209 967 1292 1027 dolis;

446 1054 567 1123 Piratae,
583 1050 714 1124 prosupi,
737 1051 862 1104 damnati
878 1052 1075 1125 sacritepique,

408 1154 434 1196 ss
533 1137 670 1203 Mendici,
694 1137 780 1203 mimi,
801 1134 880 1205 turha
902 1134 1027 1206 nefanda
1050 1137 1152 1189 maris:

447 1225 571 1296 Denique
590 1221 749 1276 criminibus
767 1221 873 1274 condis
892 1218 1025 1290 patefecit
1046 1221 1169 1291 asylum,-

533 1307 604 1362 Iioec
626 1312 741 1377 dopna,
763 1304 932 1372 hosustos,
954 1303 1007 1358 has
1021 1308 1125 1375 petiere
1146 1320 1242 1366 casas:

398 1451 399 1455 ,
449 1394 593 1452 Colluviem
612 1397 638 1445 et
657 1389 745 1462 foeces
766 1389 905 1444 hominum
927 1389 1032 1461 collepit
1051 1391 1080 1443 iu
1103 1406 1202 1457 unum,

410 1496 436 1536 eo
535 1476 571 1532 Et
592 1480 656 1548 quat
673 1479 756 1528 eraut
772 1473 907 1541 homines,
930 1479 967 1529 tot
988 1473 1060 1528 dedit
1078 1489 1137 1528 esse
1157 1474 1251 1545 seras,

450 1563 488 1618 Et
506 1561 602 1634 dipitos
623 1566 720 1614 teretes
739 1558 842 1630 ripidos
861 1561 985 1615 curuavit
1004 1561 1032 1612 in
1055 1575 1175 1630 empuis,

539 1645 574 1702 Ut
585 1649 701 1718 possent
717 1657 820 1732 rapere
842 1651 868 1697 et
888 1649 972 1715 rapta
995 1648 1088 1697 tenere
1108 1644 1171 1702 diu:

450 1731 573 1789 Gutturis
590 1730 692 1801 inperiti
711 1727 872 1782 barathrum
892 1727 1026 1799 patefecit
1046 1727 1136 1796 hiatu,

411 1833 437 1874 ss
537 1814 687 1887 inpluvium
703 1820 799 1884 posset
816 1814 891 1884 quad
909 1816 1014 1867 satiare
1032 1812 1115 1874 nihil‚·
1171 1816 1175 1822 “

451 1901 525 1958 Neve
539 1899 744 1972 propinquaret
762 1913 816 1952 neu
838 1901 900 1969 quis
916 1906 1073 1968 superesset
1092 1900 1214 1966 amicus,

538 1984 696 2057 spirantem
716 1985 839 2054 praviter
859 1985 937 2037 iussit
954 1984 1028 2037 olere
1049 1985 1186 2038 animam:

452 2070 513 2125 Non
535 2071 616 2135 satis,
639 2067 761 2139 alipedes
783 2065 905 2121 humeris
926 2082 1034 2138 quoque
1054 2071 1242 2135 prauitatis,

413 2172 440 2214 ss
544 2153 578 2209 Ut
593 2154 727 2224 pctapus,
748 2157 867 2221 montes,
888 2157 919 2206 ut
938 2166 1024 2222 super
1046 2158 1124 2206 astru
1146 2155 1248 2209 volent:

452 2239 546 2294 tratas
564 2237 634 2308 fecit
655 2237 743 2292 vultus
761 2242 903 2309 torvosque
924 2236 1029 2303 leones,

538 2321 692 2378 iiorrihites
712 2322 785 2387 visu,
810 2321 998 2393 terribilesque
1017 2335 1093 2377 sono.

451 2408 505 2464 His
524 2406 621 2480 furiis,
644 2405 687 2460 his
705 2407 845 2461 tormentis
865 2407 921 2459 iam
938 2407 1010 2461 mille
1026 2422 1079 2478 per
1101 2423 1189 2463 annos

414 2509 440 2550 ss
540 2492 597 2548 Nos
618 2491 686 2545 deus
706 2496 733 2545 et
753 2496 861 2546 nostros
881 2493 1053 2546 excruciavit
1072 2505 1146 2546 avos.

453 2576 571 2632 Fallitur
592 2575 643 2631 hoc
662 2577 712 2647 qui
731 2590 774 2631 me
795 2575 959 2631 maledicere
978 2578 1102 2631 carmine
1122 2577 1222 2643 credit,

539 2660 635 2716 Reddo
651 2661 796 2716 lacessitus
813 2660 985 2732 damnaque,
1007 2662 1092 2717 reddo
1113 2663 1198 2717 vices:

454 2747 598 2803 laeserunt
613 2747 694 2807 alios,
716 2760 759 2801 me
776 2745 950 2817 dirrrpuere3
970 2745 1020 2799 sed
1038 2746 1110 2801 ultor

414 2848 440 2890 ss
538 2830 667 2887 Carmine
689 2830 758 2886 hetto
778 2845 859 2903 pero,
882 2829 948 2884 Rex
969 2845 1044 2884 meus
1065 2845 1130 2886 ense
1149 2834 1227 2903 perit.

454 2918 526 2973 Iura
546 2916 650 2971 dabant
668 2917 756 2987 ipnem
778 2930 817 2970 eo·
838 2914 915 2986 [acie
935 2915 1093 2987 rabiemwe
1113 2924 1261 2984 vomentes,

538 3000 593 3056 Hic
614 3001 728 3072 infamis
749 3014 830 3068 eras,
852 2999 999 3063 Barthote,
1023 3006 1120 3056 sancte
1139 3002 1215 3063 otiis:

455 3084 590 3160 Quicquid
609 3091 672 3140 erat
689 3083 804 3156 pulchri
822 3083 943 3138 subiecta
959 3099 1016 3156 per
1034 3085 1134 3157 oppida
1155 3087 1281 3158 adusque

417 3189 443 3230 so
551 3170 705 3225 Verretrant
725 3170 805 3226 asida
826 3170 888 3225 uilia
906 3183 981 3225 saxa
1003 3187 1102 3228 manu,-

456 3254 536 3326 Quod
554 3256 689 3328 reliquum
707 3253 803 3327 fuerat
820 3254 905 3308 catuli
918 3253 1047 3327 soetoeque
1068 3256 1163 3309 tenna

547 3339 716 3408 Verrehant,
735 3339 904 3411 famulaque
922 3346 948 3394 et
966 3343 1045 3411 niper
1063 3354 1111 3395 are
1127 3339 1254 3403 Charon·
1283 3352 1285 3354 ’

453 3426 632 3481 damnabant
652 3427 724 3483 cives
744 3426 838 3496 aliqua
858 3423 910 3478 sub
932 3426 1055 3480 'criminis
1076 3424 1187 3494 umbra,

417 3528 443 3569 oo
542 3509 598 3566 Sed
614 3524 752 3583 proceres
773 3510 830 3565 soto
851 3508 902 3563 hoc
922 3511 1030 3564 nomine
1052 3512 1155 3564 crimen
1178 3518 1273 3565 orarit:

458 3595 613 3651 Torrebant
628 3596 686 3650 oleo
707 3596 822 3649 miseros
838 3592 954 3665 ferrove
975 3594 1091 3663 calenti;

540 3678 596 3735 Istc
617 3695 744 3747 marsum,
763 3678 808 3733 hic
830 3679 923 3734 oculos
938 3679 1075 3751 perdidit,
1093 3681 1138 3734 itte
1161 3687 1252 3755 caput.

457 3764 617 3821 Stridehant
633 3764 733 3836 populi
750 3771 776 3819 et
792 3765 872 3818 tacite
892 3778 945 3819 suo
965 3765 1068 3819 damna
1089 3766 1245 3837 penetrant,

419 3866 446 3908 ss
551 3850 585 3906 Ut
604 3850 720 3906 strident
741 3848 843 3921 Stppiae
862 3848 913 3904 suh
933 3849 1150 3906 Rhadamantho
1172 3854 1279 3909 anima.

457 3936 590 4010 Appetlns
610 3935 694 3990 leemas
715 3934 832 4007 ripidum
852 3941 1032 4006 sanctumque
1051 3943 1193 3992 senatum:

542 4020 685 4088 Herodes,
709 4018 852 4092 cayphas,
874 4018 971 4089 Anna,
993 4019 1101 4075 Pitatus
1125 4028 1214 4078 erant.

323 4217 345 4251 ³¹
363 4219 490 4272 Hilisoos
510 4223 533 4271 1.
598 4217 620 4252 ⁸⁸
638 4220 767 4285 Pyrrsto:
788 4223 811 4271 1.
876 4215 898 4251 ⁸⁷
916 4220 1037 4270 mimini:
1057 4224 1081 4270 1.
1145 4219 1167 4252 ⁸⁷
1185 4221 1316 4286 htyilum.
1338 4226 1360 4272 1.
1425 4220 1448 4254 ⁸⁹
1467 4222 1548 4272 bsrs-

255 4309 328 4358 trum
347 4309 371 4357 1.
429 4303 451 4338 ⁴⁴
469 4306 579 4357 ssoisro
599 4307 623 4354 1.
682 4303 703 4336 ⁵⁶
720 4304 879 4355 Ludovicus
897 4304 959 4354 XII.
1016 4302 1038 4336 ⁵⁸
1056 4306 1109 4355 Hie
1127 4307 1185 4355 iura
1201 4323 1251 4356 non
1269 4306 1444 4357 observantur.
1480 4308 1547 4357 Bar·

256 4388 343 4456 thole]
369 4391 405 4441 of.
420 4390 474 4442 voi.
489 4391 513 4442 1.
527 4406 553 4456 p.
568 4388 625 4440 177.
639 4389 673 4438 od
691 4405 717 4440 v.
730 4389 756 4441 6.
826 4388 848 4422 ⁸⁰
871 4389 1013 4439 Vorebont
1031 4393 1055 4439 1.
1126 4389 1145 4422 ⁶¹
1171 4392 1281 4456 istoque
1300 4395 1323 4443 1.
1393 4391 1416 4422 ⁶⁸
1439 4392 1549 4442 Rhada-

255 4481 350 4527 manto
369 4479 393 4526 1.
461 4475 485 4508 ²⁰
502 4474 628 4525 Herodes
647 4475 765 4540 Antipss
784 4473 830 4538 qui
848 4475 981 4524 Ioannem
999 4473 1151 4524 decollavit
1169 4475 1334 4540 Christoque
1353 4477 1464 4526 docenti
1483 4477 1549 4526 insi·

256 4561 349 4612 hiatus
368 4565 419 4612 est.
456 4561 593 4626 caiphas,
614 4560 739 4631 pontifex
757 4558 863 4609 Christi
881 4564 995 4610 mortem
1015 4558 1094 4608 falsis
1114 4561 1232 4610 testibus
1256 4563 1431 4626 provocarim
1454 4563 1550 4610 Annas

257 4659 319 4696 sum
336 4644 446 4710 Caiphs
463 4646 637 4697 sacerdotum
655 4646 783 4711 princeps
802 4643 848 4710 qui
872 4645 907 4694 sd
928 4644 1002 4694 huno
1021 4642 1159 4694 Christum
1182 4644 1299 4710 ligatum
1323 4646 1410 4706 misit;
1434 4647 1550 4697 Pontius

257 4728 367 4780 Pilatus
385 4735 549 4795 procurator
565 4730 668 4782 Iudaeae
687 4730 733 4796 qui
753 4728 890 4781 Christum
911 4729 986 4779 cruci
1004 4727 1141 4793 figendum
1160 4729 1311 4781 damnavit.
