3294 5408
263 390 336 463 290
558 420 681 458 aarum
694 421 730 456 DE
744 421 899 457 Placarvna
912 399 1081 456 VENE'I'ORW
1095 420 1249 457 ΕΙΒΟΙΟῚΙ.

464 575 587 637 Casibus
609 577 639 636 in
661 575 765 637 mediis
786 584 864 636 tutos
887 576 1015 636 Fortuna
1039 576 1185 655 marisque

409 731 412 739 .
463 678 535 739 Esse
557 676 637 739 iuhet
659 677 802 739 dominos.
826 680 864 738 ita
888 680 937 757 qui
960 677 1047 756 paulo
1070 686 1138 738 ante
1160 676 1303 757 parabant

371 804 375 855 ’,
427 779 490 841 sall
513 780 594 841 tenui
616 781 723 840 victum
746 787 874 858 quaestu,
897 788 968 840 tunc
990 778 1103 840 retihus
1126 782 1197 841 actis

465 881 613 943 Humanas
636 883 787 960 piscantur
809 900 897 960 opes,
922 900 1048 960 cumque
1071 881 1194 943 urbibus
1216 883 1295 961 ipsos

464 982 630 1044 Suhiiciunt
651 984 801 1052 homines;
825 983 864 1043 ihi
887 983 978 1060 siquis
1001 983 1076 1044 torte
1099 992 1230 1044 comesto

464 1085 584 1147 Ercitus
605 1093 650 1146 est
671 1085 758 1146 hamo
782 1086 945 1163 ceciditque
966 1087 996 1145 iu
1020 1087 1092 1146 retia
1115 1086 1268 1165 princeps,

464 1186 624 1267 Imperium
647 1168 733 1248 cessit
755 1188 874 1248 victori:
898 1188 1054 1248 Antenoris
1077 1187 1181 1248 urhem

424 1311 450 1352 ao
465 1288 633 1368 Altinasque
654 1289 759 1350 domus
782 1297 810 1350 et
832 1297 926 1350 terras
948 1307 1013 1369 quae
1035 1292 1110 1352 inter
1133 1307 1278 1350 amoenurn

465 1390 645 1469 Contingunt
666 1391 796 1451 Athesim
819 1390 983 1471 celerisque
1005 1390 1112 1453 tluenta
1136 1391 1248 1452 Timavi

464 1492 546 1554 luxta
569 1491 756 1570 Opiterginos
778 1492 916 1571 scopulos
938 1492 1130 1573 Aquileiaque
1153 1513 1220 1554 arra

465 1594 618 1674 Euganeas
638 1594 725 1656 sedes
747 1602 777 1655 et
798 1613 856 1674 qna
879 1602 964 1657 tenus
985 1603 1072 1674 urget
1093 1595 1179 1656 lader

464 1696 604 1758 Adriacas
625 1695 733 1757 tinctus
754 1699 941 1776 patriumque
964 1698 1093 1759 Limenis
1115 1698 1151 1758 ad
1174 1715 1290 1758 amnem
1308 1712 1331 1771 ,1

427 1818 453 1859 ss
467 1797 504 1858 llt
525 1815 590 1878 qum
611 1816 644 1858 se
666 1797 811 1859 Eridanus
833 1799 930 1877 perdit
952 1818 1045 1879 prope
1067 1799 1164 1860 httora
1189 1800 1314 1879 primum

464 1901 583 1980 Imperii
605 1908 733 1962 statuere
756 1902 892 1974 modum3
916 1902 1046 1962 nondum
1070 1920 1158 1963 aurea
1182 1910 1256 1962 tecta

466 2004 649 2082 duratusque
671 2002 770 2063 trahes
792 2003 927 2084 l'hrpgiae
950 2022 1072 2065 erexere
1095 2004 1249 2065 columne.

465 2104 527 2166 ltur
548 2106 577 2166 in
600 2104 757 2192 Oenotrios
780 2105 852 2166 lines
875 2112 904 2166 et
926 2105 1131 2169 Gallica-rura·

465 2206 554 2268 ltaliae
576 2225 631 2286 per
653 2213 810 2285 utrumque
832 2206 924 2276 latus;
948 2217 1018 2268 tunc
1041 2209 1132 2269 Roma
1156 2225 1328 2286 supremum

428 2327 454 2368 so
468 2308 537 2370 Post
558 2307 698 2369 Gothicas
720 2307 817 2369 clades
840 2316 870 2370 et
891 2311 989 2388 rnagni
1010 2308 1088 2371 hella
1112 2308 1199 2371 Suevi
1293 2315 1296 2321 '

360 2491 362 2495 Α
467 2409 620 2472 Ercidium
642 2410 752 2479 timuit;
777 2429 954 2489 compressae
977 2411 1080 2473 fraude
1103 2409 1236 2490 dolisque

467 2511 605 2585 Quadam
628 2511 732 2581 urhes,
756 2510 819 2572 alito
841 2512 969 2573 tolerant
990 2514 1057 2591 iuga
1080 2513 1193 2574 viribus
1215 2521 1296 2574 actae.

467 2614 550 2675 Tunc
572 2612 634 2675 ltali
655 2615 765 2675 servire
787 2614 878 2676 duces
900 2622 929 2676 et
951 2615 1030 2676 lerre
1052 2614 1193 2676 trihutum
1251 2602 1252 2606 ¹

438 2732 445 2749 ⁸
468 2715 579 2777 Victori
602 2716 711 2777 Veneto
733 2716 820 2785 iussi;
844 2723 914 2778 tunc
936 2718 1020 2797 istria
1045 2724 1129 2795 paret

431 2839 456 2879 u
471 2816 659 2897 Dalmataque
683 2825 712 2878 et
732 2819 832 2879 iuncto
854 2819 1008 2880 Slavorum
1031 2838 1122 2898 regna
1145 2819 1287 2880 Liburno.

465 2913 619 2982 Per'mare
633 2926 797 2998 grassatum
814 2927 872 2989 est:
889 2921 941 2982 das
956 2939 1106 2999 magnam,
1123 2921 1249 2990 Graecia,
1266 2938 1381 2999 paenam

468 3021 549 3082 Victa
571 3040 677 3093 morae,
703 3028 801 3083 vexata
823 3021 945 3084 Rhodus
967 3024 1156 3103 Thracesque
1178 3024 1275 3103 petiti,

468 3122 558 3202 Capta
580 3124 656 3185 lovis
678 3125 779 3193 Crete,
803 3124 878 3185 laeta
901 3134 945 3186 est
966 3126 1114 3204 provincia
1139 3125 1267 3204 Cyprum

470 3225 578 3286 Divitiae
601 3227 736 3303 ingentes
757 3226 912 3287 cumulatae
934 3245 1097 3307 omnesque
1119 3225 1248 3288 subacta

429 3350 455 3388 so
470 3325 575 3388 lnsuhe
597 3327 679 3388 lonio
702 3328 729 3387 in
753 3344 875 3405 magno,
899 3347 971 3409 quas
994 3329 1094 3390 dicere
1117 3328 1237 3406 longum
1263 3334 1307 3389 est

469 3428 506 3489 m
526 3447 685 3491 numerare
708 3429 812 3509 pudor.
831 3433 921 3493 tortis
943 3449 1008 3492 sese
1030 3432 1138 3510 impete
1161 3433 1256 3510 primo

469 3531 556 3592 lanua
579 3532 608 3592 in
631 3550 787 3593 occursum
810 3532 926 3595 Venetis
948 3532 1148 3611 grassantibus
1170 3534 1268 3601 offert,

334 3735 356 3768 ²⁰
374 3736 436 3808 hut.
450 3733 522 3804 urb.]
536 3737 691 3788 Patavium.
706 3737 741 3787 el.
756 3738 837 3802 Verg.
851 3739 918 3788 heu.
927 3739 947 3787 1.
955 3738 1014 3787 242.
1022 3752 1079 3802 sqq.
1095 3753 1117 3788 c.
1131 3737 1207 3788 Serv.
1221 3737 1288 3787 item
1298 3736 1362 3787 Lir.
1375 3737 1397 3787 1.
1409 3718 1429 3787 l.
1481 3737 1504 3770 ³⁰
1517 3741 1568 3789 AI-

192 3836 195 3842 ·
268 3825 320 3872 tino
340 3821 374 3871 ad
392 3818 458 3870 Silis
477 3822 587 3871 ostium.
651 3818 672 3852 ⁸¹
691 3822 917 3887 Opitergium:
936 3821 1044 3875 Oderso.
1108 3822 1289 3887 Aquileia:
1307 3823 1398 3886 Aptar.
1465 3820 1489 3854 ³³
1508 3824 1566 3873 Eu·

269 3902 416 3973 gausach]
437 3905 617 3956 ci.Liv.l.c.
687 3906 769 3957 Iader
786 3926 821 3950 =
837 3907 939 3957 Solone.
1009 3903 1031 3937 ³⁴
1050 3907 1173 3957 Limenia
1194 3923 1313 3957 amm:
1331 3907 1455 3967 Laneus,
1483 3908 1566 3958 anius

269 3993 368 4045 ostium
386 4006 469 4058 supra
487 3991 579 4041 anrle
597 3995 648 4044 est.
717 3989 740 4023 ⁸⁵
758 4007 811 4056 qua
831 3995 904 4043 2...4.
974 3992 1110 4042 Eridanus
1126 4010 1162 4035 =
1178 3992 1280 4052 Padus,
1299 3992 1345 4043 Po.
1416 3987 1515 4041 littera
1537 3996 1565 4045 3.

167 4100 175 4116 0
268 4075 291 4110 ³⁸
309 4070 434 4142 Oenotr.]
456 4076 489 4126 ln
508 4075 666 4127 Calabriam
685 4076 753 4126 itum
772 4081 814 4126 est
834 4081 930 4127 contra
948 4075 1116 4127 Sarracenos
1135 4093 1162 4127 a.
1177 4074 1260 4137 1005„
1280 4077 1308 4126 in
1327 4075 1438 4126 Gallica
1458 4093 1523 4126 rura
1544 4079 1564 4127 i.

270 4160 578 4227 einTranspadanam
591 4159 712 4211 Galliam
730 4177 814 4226 saepe.
866 4160 888 4193 ³⁹
906 4170 1016 4226 vtrunq3
1030 4165 1053 4212 1.
1100 4159 1123 4194 ⁴⁰
1140 4162 1277 4212 Frideriei
1289 4161 1312 4211 Ι.
1325 4161 1388 4226 imp.
1441 4158 1465 4192 ⁴⁸
1483 4162 1564 4211 Istri-

270 4263 338 4299 anos
350 4247 552 4311 Dalmatasque
564 4246 667 4312 primus
680 4247 820 4312 oppressit
832 4246 885 4296 dux
898 4247 981 4296 XXV.
994 4248 1093 4298 Petrus
1106 4246 1237 4298 Urseolua
1249 4247 1285 4297 11.
1300 4263 1324 4297 a.
1337 4244 1397 4296 uti.
1456 4243 1482 4277 ⁴⁸
1494 4246 1563 4296 Cum

269 4333 440 4399 Tergestinis
464 4332 519 4382 iam
538 4336 602 4382 anta
626 4331 744 4381 medium
766 4331 838 4383 idem
862 4331 992 4383 saeculnm
1016 4338 1166 4399 pugnatum
1186 4337 1259 4393 erat,
1284 4348 1345 4382 eum
1363 4330 1516 4381 Iadestinia
1535 4348 1562 4382 a.

271 4417 354 4481 lota,
369 4418 483 4470 Oroatia
495 4433 521 4467 a.
538 4415 611 4466 1117.
625 4415 761 4468 subiecta.
800 4412 823 4449 ⁴⁷
834 4413 935 4483 Rhod]
951 4434 977 4467 a.
991 4416 1065 4468 1098.
1081 4417 1153 4468 rita.
1197 4418 1365 4482 Traceaq31.
1401 4414 1562 4467 “Cretas

272 4501 699 4554 laod.1208.1213.12·27.1330.
764 4503 882 4568 Cyprum
901 4500 1022 4568 (captam
1042 4519 1068 4552 a.
1083 4501 1169 4565 1473.)
1188 4501 1310 4552 Gomara
1328 4502 1426 4567 regina
1445 4517 1471 4553 a.
1487 4499 1563 4552 1487.

271 4588 384 4639 Venetis
403 4587 505 4638 attulit.
557 4586 579 4619 ⁵²
597 4589 692 4639 Genua.
711 4576 831 4649 „Veneti
844 4588 1002 4652 Ligusticas
1015 4589 1088 4638 vires
1100 4588 1211 4653 penitus
1229 4586 1384 4651 fregerunt:
1405 4591 1517 4636 centum
1534 4591 1564 4636 et

271 4672 388 4738 amplius
407 4688 493 4723 anuos
512 4673 624 4739 paribus
641 4673 726 4735 odiis,
745 4688 819 4738 saepe
839 4673 921 4722 etiam
935 4673 1049 4736 viribus,
1068 4673 1130 4723 inde
1144 4671 1286 4734 bellatum,
1306 4671 1372 4721 hino
1385 4686 1493 4736 quoque
1506 4677 1562 4721 tarn

270 4757 391 4808 diuturni
412 4764 439 4807 et
458 4757 600 4822 aliquanto
613 4758 753 4824 longiores
765 4758 876 4821 luerunt
888 4756 1009 4808 labores:
1029 4761 1060 4806 ut
1073 4757 1107 4807 nh
1122 4757 1186 4820 illis,
1207 4757 1248 4806 ita
1261 4771 1366 4821 quoqne
1381 4757 1416 4807 nb
1429 4755 1474 4806 his
1487 4772 1564 4807 arma
