3294 5408
247 375 321 446 246
449 402 570 438 uvuuutti
586 402 622 436 AI)
635 398 768 436 CAEEABBU
781 397 993 435 uuxrmmnuvu
1006 398 1227 433 urruneuuu'rvtt
1242 397 1335 433 11111111.

451 558 552 619 Vidisti
574 555 695 618 hostiles
717 555 846 617 medium
869 553 991 616 turbere
1014 553 1167 623 colrortes;

414 683 439 722 ro
462 666 466 671 ’
538 660 632 738 Atque
655 678 689 720 ee
712 658 770 719 vise
793 659 908 736 groveis
929 658 1090 718 restituero
1109 657 1230 717 animos.

452 763 533 835 Quos
555 762 610 822 nisi
632 761 675 822 sic
697 760 800 834 iaciat,
823 760 880 820 nisi
901 757 1083 837 consilioque
1106 776 1252 838 manuque

537 862 580 924 Te
602 863 696 933 iuvet,
720 862 768 923 hie
789 863 885 940 potuit
908 859 1027 921 ultimus
1050 879 1114 921 esse
1137 861 1208 921 dies.

453 964 612 1044 lngredere
635 984 653 1025 o
675 965 819 1044 laetisque
839 965 899 1025 tuis
921 963 1042 1042 dignuin
1064 965 1166 1042 accipe
1188 980 1295 1024 munus

415 1091 440 1131 rs
539 1067 640 1147 Teque
663 1066 832 1144 triumphali
854 1066 913 1135 ler,
936 1065 1101 1135 loachinre,
1125 1065 1204 1124 rote!

454 1172 518 1233 lloc
539 1168 593 1230 tibi
616 1171 721 1231 serrati
744 1170 908 1230 decernunt
929 1186 996 1228 curn
1020 1167 1095 1228 duce
1117 1168 1209 1235 oives;

539 1273 669 1342 Luudet,
691 1278 769 1333 amet
790 1269 905 1350 prolem
928 1271 1053 1332 Saxonis
1075 1287 1127 1330 ora
1149 1286 1241 1330 suour.

368 1491 438 1553 100·
675 1494 725 1543 DE
743 1490 888 1542 VIRIBVS
908 1490 1118 1542 GALLORVM.

454 1614 526 1676 Cunr
549 1613 673 1675 duotore
694 1617 796 1691 egeret
818 1609 928 1671 bollum
950 1609 1006 1671 sub
1028 1607 1281 1679 deserendus,

537 1715 634 1776 Fortis
656 1722 684 1776 et
706 1713 841 1775 horribili
862 1713 956 1774 Marte
977 1711 1126 1773 timendus
1147 1719 1227 1780 eret;

454 1819 490 1880 tt
511 1824 667 1898 postquam
690 1835 725 1877 ex
748 1833 836 1876 ceusu
859 1814 993 1875 discessit
1014 1803 1138 1893 uterque
1160 1831 1310 1884 seorsum,

329 1957 332 1962 -
429 1941 440 1981 t
540 1918 688 1997 Naufragu
710 1917 826 1979 sublato
849 1919 959 1978 cortice
982 1916 1077 1977 lertur
1098 1917 1172 1986 dvis,

454 2021 515 2084 Neo
538 2019 612 2081 volet
635 2020 747 2099 absquo
769 2017 838 2088 elis,
861 2037 917 2080 nec
939 2019 992 2079 init
1012 2017 1075 2079 sine
1097 2019 1207 2078 cortice
1229 2016 1354 2086 flumen,

538 2121 599 2184 Nee
621 2123 679 2183 rim
700 2123 834 2183 seiuncto
857 2120 974 2183 Caesare
994 2116 1095 2184 Gallus
1117 2118 1215 2181 hebet.

377 2322 440 2384 101.
616 2306 665 2376 nn
683 2324 962 2377 nuxrurnunvu
979 2293 1174 2375 erou'ruu.

454 2444 512 2516 lle,
535 2446 661 2514 iuuenis,
685 2445 805 2507 demitte
827 2446 972 2513 oninium,
995 2461 1034 2505 ue
1056 2443 1128 2505 cedo
1150 2441 1276 2523 periclo,

538 2546 581 2609 Ne
602 2549 665 2608 sine
686 2555 716 2609 te
739 2546 834 2626 pulmo
855 2544 974 2607 turbiue
995 2544 1126 2607 destitui!

320 2800 377 2856 100.
408 2801 502 2855 ¹cum
519 2803 578 2871 ligo
597 2802 810 2853 Cameracensis
828 2806 977 2852 teneretur.
1008 2800 1056 2851 sed
1078 2805 1110 2851 ut
1131 2800 1165 2850 de
1191 2800 1317 2850 omnibus
1340 2800 1375 2850 sd
1393 2801 1467 2853 Max.
1487 2803 1548 2868 epi·

250 2887 411 2951 grammatie
428 2888 470 2938 ite
488 2888 521 2939 do
540 2889 592 2939 hoe
611 2902 717 2953 quoque
735 2902 830 2938 verum
849 2891 904 2950 eet,
925 2886 1061 2936 Caesarem
1079 2886 1168 2951 megin
1187 2900 1266 2950 quoru
1286 2884 1332 2950 qui
1351 2885 1414 2947 luit,
1433 2885 1547 2952 qualem

249 2971 388 3022 Hutteuus
407 2988 468 3023 eum
486 2973 572 3024 luisse
590 2973 678 3025 voluit
695 2972 825 3022 describi.
877 2969 889 3004 ⁴
908 2968 977 3037 ovis]
997 2970 1097 3037 gellus.

157 3122 159 3126 μ
320 3055 376 3108 101.
404 3057 512 3124 Epiprr.
527 3060 735 3121 meletenus.
751 3060 777 3107 3.
829 3056 872 3106 Ad
889 3057 1009 3123 priorem
1028 3055 1185 3106 o.1512.in
1204 3055 1282 3106 onius
1300 3054 1355 3106 llue
1373 3053 1479 3106 Slortis
1498 3072 1545 3107 re-

249 3143 362 3193 stitutus
374 3148 425 3206 est,
444 3143 504 3194 haeo
523 3142 671 3193 referende
683 3147 755 3193 sunt.
785 3142 825 3191 Io.
836 3142 895 3192 Iao.
906 3140 1071 3199 Trivuloius,
1090 3140 1315 3202 Mediolanenein
1335 3140 1412 3190 oirou
1430 3155 1456 3191 s.
1468 3139 1546 3194 1447.

250 3232 344 3289 uatus,
364 3242 425 3277 eum
444 3228 502 3280 lere
524 3226 555 3277 18
572 3243 659 3278 euuos
676 3227 807 3289 haberet,
829 3243 846 3277 e
862 3227 1015 3277 Francieoo
1033 3225 1139 3276 Sfortiu
1157 3242 1218 3276 eum
1237 3225 1372 3277 Goleuoio
1389 3224 1489 3288 Muris,
1510 3224 1545 3277 il·

248 3312 303 3362 lius
321 3310 387 3371 lilio,
407 3313 436 3362 iu
453 3312 583 3363 militium
597 3311 735 3363 Gallicam
748 3311 892 3363 liudovico
904 3312 952 3361 XI.
965 3310 1083 3362 traditus
1102 3315 1153 3361 est.
1183 3311 1242 3361 lem
1261 3326 1285 3360 u.
1302 3307 1375 3361 1488.
1388 3309 1462 3360 iuter
1472 3326 1545 3377 prue-

250 3397 339 3447 leotos
363 3397 501 3449 exereitus
525 3391 776 3449 confoederatorum
799 3402 897 3447 eontra
915 3396 1038 3446 Venetos
1060 3395 1137 3447 ducti
1156 3396 1261 3459 lueret;
1286 3394 1350 3446 inde
1368 3393 1397 3445 iu
1415 3394 1544 3447 omnibus

249 3481 308 3532 lere
326 3481 409 3532 bellis
426 3498 476 3549 per
493 3499 586 3535 omnes
603 3482 694 3533 ltaliae
713 3487 808 3548 portes
826 3481 961 3542 interluit,
981 3480 1031 3530 sub
1043 3479 1229 3546 Neapolitano
1247 3495 1313 3546 rege
1325 3479 1422 3545 primo,
1442 3479 1544 3532 deludo

248 3566 298 3617 sub
318 3566 408 3618 Gellio
426 3566 526 3618 Cereio
544 3568 621 3618 VIII.
636 3573 664 3617 et
681 3568 823 3618 Ludovieo
836 3568 899 3617 IIII.
912 3567 973 3631 ipse
992 3565 1097 3631 expulit
1108 3564 1293 3616 Maximilieui
1306 3564 1417 3614 stertire
1434 3569 1544 3631 putrem

248 3651 418 3702 Ludovieum
437 3653 562 3703 Maurum
581 3669 606 3703 a.
623 3651 696 3703 14119.
709 3652 808 3718 (epigr.
822 3650 877 3716 86.)
897 3655 925 3701 et
943 3650 1128 3702 maresoelous
1147 3648 1248 3701 Gellius
1266 3648 1474 3715 Mediolenique
1492 3666 1543 3715 gu-

247 3737 379 3788 bernator
401 3736 493 3788 lectus
517 3738 558 3788 ite
582 3738 727 3802 tyrannice
750 3738 865 3803 imperio
888 3750 953 3807 usus
976 3739 1031 3797 est,
1055 3741 1087 3786 ut
1104 3735 1209 3787 Slortiu
1233 3750 1251 3785 o
1273 3735 1331 3784 suis
1349 3734 1544 3787 restitueretur

247 3823 374 3888 sequenti
392 3838 480 3886 enno,
499 3838 578 3888 quem
597 3828 689 3874 tumen
707 3837 761 3872 nou
779 3821 864 3873 multo
882 3825 945 3886 post
963 3820 998 3871 eb
1017 3820 1158 3874 Heluetiis
1177 3819 1360 3870 auxiliaribus
1377 3820 1436 3869 suls
1453 3818 1542 3871 deoti-

249 3913 337 3958 tutum
354 3908 482 3958 Novoriee
501 3913 613 3973 euplum
630 3907 660 3956 iu
679 3906 787 3957 Gellius
806 3906 929 3956 obduxit.
965 3906 1033 3956 Post
1051 3905 1145 3956 Caroli
1163 3904 1286 3955 Ambosii
1310 3909 1423 3954 mortem
1447 3903 1483 3968 (d.
1500 3891 1541 3955 10.

247 3993 329 4044 Mart.
344 4008 369 4042 o.
384 3991 469 4056 1511.)
493 3994 657 4056 Turullius,
682 3994 729 4057 qui
753 3997 837 4043 oulen
860 4005 967 4057 quoquo
992 3992 1065 4041 iuter
1087 3989 1237 4057 praefectos
1261 3990 1399 4039 exereitus
1423 3989 1542 4055 ligistioi

248 4083 343 4128 contre
366 4077 488 4128 Venetos
513 4083 542 4128 et
564 4078 592 4127 in
617 4093 711 4144 pugne
735 4076 914 4127 Cremonensi
938 4074 1077 4140 (rnMuio
1096 4074 1231 4138 1115011.)
1255 4075 1308 4124 dux
1331 4075 1412 4140 primi
1436 4075 1541 4125 Gnllici

248 4163 367 4228 agminis
385 4163 490 4226 lueret,
509 4177 629 4213 summus
648 4162 750 4214 Gallici
770 4163 908 4213 exercitus
927 4160 980 4211 dux
998 4161 1106 4222 foelus,
1126 4175 1185 4225 quae
1205 4159 1327 4225 dignitus
1345 4162 1539 4224 postmortem

247 4249 351 4299 strenui
370 4249 479 4298 iuvenis
498 4248 568 4313 regii
581 4248 712 4298 Gustonis
724 4247 852 4307 Foisseii‚
872 4247 917 4311 qui
935 4250 997 4311 post
1009 4246 1219 4296 Reveuuensem
1238 4259 1358 4310 pugnum
1376 4243 1403 4295 d.
1420 4242 1458 4293 11.
1472 4243 1537 4309 llpr.

247 4349 272 4383 e.
290 4332 362 4383 1512.
378 4333 493 4397 cecidit,
513 4334 613 4383 iterum
632 4335 658 4382 ei
677 4333 743 4381 date
761 4337 812 4381 est.
842 4333 882 4381 Eo
902 4336 1024 4396 ternpore
1042 4328 1194 4380 Mediolani
1212 4329 1395 4395 recuperandi
1414 4327 1538 4379 81011115-

247 4433 299 4483 que
319 4418 447 4483 cupiendi
472 4422 511 4480 et,
537 4422 568 4468 ut
586 4417 651 4468 olim
670 4422 775 4482 petrem
799 4416 935 4478 eiecerat,
961 4414 1049 4466 exulis
1074 4414 1199 4466 faciendi
1222 4431 1299 4480 sporn
1321 4415 1435 4464 nimium
1455 4431 1536 4480 cepe-

246 4507 298 4565 rut,
317 4519 371 4568 que
389 4505 487 4553 misere
505 4503 611 4553 decidit
629 4504 684 4552 iem
703 4508 768 4552 nuto
781 4503 979 4552 NouerIeusern
997 4516 1117 4567 pugnem
1136 4497 1211 4563 (1.6.
1225 4500 1284 4550 Iun.
1299 4516 1323 4549 u.
1341 4499 1434 4562 1518).
1464 4501 1535 4550 Mor-

197 4614 202 4623 ·
246 4592 309 4637 tuus
328 4596 370 4638 est
387 4588 412 4638 d.
426 4589 450 4638 5.
464 4589 532 4638 Dee.
547 4605 571 4638 o.
588 4586 660 4638 1518.
672 4587 724 4637 hoe
743 4587 796 4636 sibi
815 4585 958 4652 epitaphio
971 4585 1047 4636 lueto
1061 4587 1112 4635 Hie
1124 4587 1230 4651 pudescit
1243 4588 1286 4652 qui
1296 4603 1419 4652 utinquam
1432 4587 1533 4651 quieuit.

245 4673 338 4723 Vitem
350 4673 403 4723 viri
416 4674 528 4738 scripsit
539 4674 695 4724 llosmiuius
708 4672 807 4722 latoria
860 4674 889 4723 di
900 4671 1048 4723 Gran-due.
1066 4670 1197 4730 Trioulzio,
1214 4687 1377 4736 sopruunom.
1390 4673 1409 4720 il
1424 4673 1532 4736 mande.

245 4757 357 4808 Modiol.
374 4756 546 4809 1815.11.4⁰.
617 4756 624 4789 ¹
645 4757 720 4808 coede
740 4761 764 4807 1.
833 4756 843 4787 ⁵
861 4759 921 4808 siue
940 4754 1054 4823 cortice]
1074 4756 1117 4807 cf.
1130 4756 1196 4807 Hor.
1209 4761 1263 4806 sot.
1277 4757 1297 4808 1.
1311 4758 1335 4807 4.
1348 4771 1373 4807 v.
1389 4754 1446 4806 120.
