3294 5408
157 417 278 471 'hur
291 435 328 471 en
337 433 625 472 casarnuunmrvrr
639 434 673 469 ur
684 433 796 470 annuunt
807 434 836 468 ru
846 434 971 471 ueneror
982 432 1098 479 rnoono.
1106 435 1352 473 nxnonrrronrvrr.
1378 405 1446 480 133

357 589 492 652 Vendidit
513 589 579 649 hreo
600 588 705 649 'l'urnis
727 586 831 659 urbes,
856 589 918 650 uec
940 589 1069 651 vendidit
1090 608 1190 661 arces,

441 692 510 755 llaec
532 691 724 771 Bysantiuum
747 690 879 769 prodidit
901 692 1068 769 imperium.

356 794 421 866 Ono
443 794 541 857 minus
563 792 616 853 has
638 790 751 872 aquilas
772 793 847 854 dsiae
870 793 1045 873 videantque
1068 799 1270 876 tremuntque.

302 918 341 959 rso
435 896 501 970 Quo
522 896 620 957 minus
642 893 699 955 hoc
721 902 871 975 sceptrum
894 893 990 956 mollis
1011 897 1115 959 adoret
1135 898 1244 968 Arabs,

356 997 420 1061 Non
435 1004 482 1066 tu.
498 997 595 1060 Turoa
612 997 712 1066 ieron,
729 1015 786 1058 neo
801 999 957 1077 quisquam
972 1016 1008 1058 er
1025 998 1159 1062 hostibus
1174 1007 1277 1071 autor,

438 1099 496 1161 Sed
519 1099 636 1169 Veneti,
661 1116 811 1178 nunquam
835 1098 885 1177 qui
906 1105 1028 1162 tenuere
1051 1101 1156 1173 fidem,

356 1204 486 1282 Quique,
509 1200 559 1263 ubi
582 1202 730 1262 communi
752 1208 819 1261 roto
841 1199 1008 1280 respublica
1030 1202 1137 1265 Christi

304 1324 343 1367 ru
437 1301 605 1365 labellum
627 1304 703 1364 vires
725 1301 850 1364 contulit
871 1305 1025 1366 unanimes

354 1407 411 1469 Pro
434 1408 494 1468 ritu
516 1406 668 1486 sacrisque
689 1406 752 1468 suis
773 1407 891 1483 vitaque
914 1423 1052 1477 suorum,

439 1506 563 1570 Finibus
584 1508 715 1587 imperii,
738 1506 891 1584 relligione
912 1514 1045 1586 patrum,

355 1612 411 1673 Aut
433 1613 490 1691 ipsi
511 1627 567 1690 pro
588 1629 621 1672 so
643 1615 759 1670 cessant
781 1616 968 1690 emptumque
989 1618 1156 1682 morantur,

303 1724 341 1766 us
436 1714 495 1775 Aut
515 1712 644 1793 perdunt
664 1712 760 1772 socias
781 1711 950 1791 proditione
971 1714 1093 1774 animas.

356 1815 482 1878 Omnino
505 1816 534 1876 in
556 1812 683 1875 Venetas
704 1813 846 1875 sumenda
869 1821 914 1875 est
935 1813 1007 1876 ultio
1029 1816 1163 1889 fraudes,

440 1915 633 1997 Morbidaque
655 1916 712 1977 hoo
734 1933 803 1995 pars
825 1935 842 1977 a
864 1934 991 1994 corpore
1014 1916 1149 1980 habenda
1171 1919 1291 2000 procul,

357 2021 398 2082 dc
420 2018 507 2081 veluti
529 2017 697 2080 membrum
722 2018 826 2097 siquod
849 2037 935 2082 sacer.
956 2020 1031 2097 ignis
1053 2020 1172 2091 adurat,

306 2144 345 2187 nr
442 2122 507 2183 Sive
529 2121 609 2192 lues,
633 2138 756 2189 cancer,
780 2121 994 2182 immedinanda
1016 2130 1114 2193 vetus,

356 2226 522 2287 desumunt
544 2198 650 2285 nlodici
672 2223 752 2282 lerro
774 2229 949 2302 partemque
971 2223 1121 2294 recidunt,

440 2326 484 2388 Ne
506 2332 598 2388 toturn
621 2332 713 2387 tracta
738 2323 847 2386 delluat
868 2323 975 2386 illuvie.

356 2427 435 2491 Urbs
455 2428 534 2490 hosti
556 2435 689 2507 sperata,
714 2427 771 2488 tuis
794 2428 942 2489 contraria
964 2429 1051 2501 votis,

306 2551 345 2596 mo
440 2531 471 2593 Si
492 2531 579 2601 sinis,
602 2528 751 2610 Illyricum
774 2529 881 2608 prodet
903 2537 932 2592 et
953 2528 1074 2592 ltaliam.

357 2633 458 2695 lloneo
481 2633 558 2694 eninr
580 2637 723 2712 superant
745 2632 841 2702 trans,
864 2633 1028 2712 impostura
1051 2634 1170 2716 dolique

441 2735 589 2813 Partaque
609 2734 712 2794 iuratis
733 2734 872 2794 insidiosa
895 2733 970 2804 deis,

358 2837 443 2899 Virus
465 2843 494 2897 et
515 2835 642 2906 insidiae,
666 2854 724 2896 non
748 2843 776 2895 te
799 2837 874 2897 sinet
896 2856 960 2899 esse
983 2840 1130 2917 quietum:

307 2963 345 3004 rso
442 2938 505 2999 lloo
527 2947 559 2998 tu
582 2938 618 2999 de
643 2936 759 2999 Venetis
781 2940 899 3017 soleque
921 2940 1058 3019 lenesque
1081 2940 1148 3001 diu?

359 3043 419 3103 lam
442 3058 560 3120 quoque
583 3041 699 3100 nonanti
723 3039 836 3101 Latium
860 3040 910 3101 tibi
934 3048 963 3102 et
984 3041 1055 3104 ltala
1077 3059 1169 3120 regna

442 3142 543 3203 Visere
565 3161 597 3203 se
620 3142 723 3202 mediis
745 3160 912 3222 opposuere
935 3144 1001 3205 riis:

360 3245 472 3324 Aspicis
493 3244 572 3312 haeo,
596 3245 767 3323 poterisque
788 3246 863 3324 pati,
886 3244 1042 3326 Caesarque
1065 3248 1180 3308 vocarit

307 3369 346 3410 ru
442 3344 518 3416 Quin
540 3348 604 3425 agis
625 3352 715 3424 atque
738 3346 818 3407 orbis
840 3354 870 3408 te
893 3355 981 3427 caput
1003 3368 1067 3410 esse
1090 3350 1191 3410 dores!

359 3450 548 3528 utquisque
571 3448 639 3508 iacit
661 3447 715 3509 hos
738 3455 857 3518 contra,
881 3449 936 3511 diis
958 3468 1016 3511 uon
1041 3452 1108 3512 iacit
1130 3453 1237 3531 aequis,

442 3550 479 3611 m
501 3568 570 3611 cum
593 3549 723 3610 Fortuna
745 3553 865 3612 numine
888 3550 964 3613 bella
987 3554 1078 3630 gerit:

361 3652 458 3714 Crevit
480 3654 557 3713 enirn
580 3653 716 3731 viresque
739 3654 846 3714 iterum
868 3662 950 3715 tenet
971 3655 1057 3717 Adria
1081 3675 1211 3718 summas

309 3776 348 3820 rra
444 3754 480 3816 m
501 3773 532 3816 se
555 3755 656 3815 victori
679 3756 823 3834 surripuit
844 3756 959 3835 Lignum

360 3856 424 3920 Non
448 3875 646 3918 erumnosom
670 3857 810 3936 piscando
833 3877 966 3937 quaerere
988 3861 1111 3931 rictum,

445 3958 510 4020 Non
532 3958 608 4020 ultra
630 3959 743 4021 laceras
765 3961 851 4020 auria
873 3960 984 4022 habere
1007 3980 1090 4023 casas

360 4168 419 4225 Non
443 4185 626 4225 aerumnosum
647 4168 753 4243 piscatu
775 4186 897 4243 quaerere
919 4169 1032 4234 vietum,
1395 4185 1449 4238 (ua)

322 4269 349 4311 ro
445 4254 503 4310 Nou
527 4253 598 4311 ultra
623 4252 726 4311 laceras
749 4255 826 4311 auria
847 4254 948 4312 habere
970 4274 1045 4313 casas

226 4439 261 4472 ²¹⁸
279 4438 455 4503 Bylnnlinum
473 4454 566 4488 omues.
585 4437 647 4502 Ipse
661 4451 767 4503 quoquo
779 4438 986 4489 Maximilinnus
1004 4453 1058 4488 nou
1076 4454 1129 4489 nno
1141 4438 1201 4489 loeo
1215 4437 1330 4487 Venetis
1348 4436 1450 4487 fredam

157 4522 438 4589 Comtmtinopoleos
462 4522 643 4588 proditionem
667 4522 857 4588 exprobravit,
887 4530 918 4575 ut
939 4525 1013 4574 inira
1036 4523 1168 4588 legemus.
1237 4520 1270 4554 ²²¹
1295 4522 1450 4574 Ferebatur

157 4617 227 4663 tune
245 4609 313 4660 duos
331 4609 360 4659 in
378 4607 552 4659 Christianos
571 4608 722 4658 ierissimos
741 4608 875 4659 dracones
892 4609 1010 4659 Turoarn
1029 4623 1090 4657 osse
1110 4623 1143 4657 ne
1161 4608 1305 4657 venetum.
1352 4606 1385 4639 ²³¹
1404 4623 1451 4657 vo·

157 4697 201 4749 int
220 4693 382 4758 ³...5.la!ro.
434 4689 569 4756 ωῙιοιίί]
588 4692 687 4743 Torone
706 4692 856 4758 inprimis.
903 4691 969 4758 tuis]
987 4691 1184 4743 Maximiliene.
1230 4689 1296 4736 ’Μ-
1312 4693 1451 4759 Cirupra

159 4794 190 4831 r.
203 4776 301 4845 ddrq.
352 4774 385 4810 ²⁰
405 4792 576 4829 erumnosnm
594 4778 653 4828 edd.
