3294 5408
294 395 316 467 4
571 423 715 462 esuriero
729 425 861 462 correers
874 425 910 462 sn
923 424 1014 463 orsas
1028 424 1176 470 curreres
1190 423 1304 462 rssrrs.

293 596 351 631 rum
374 581 545 647 pubIIcarum
568 587 643 632 reete
667 581 944 632 administrandarum
967 583 1092 647 beneque
1115 582 1295 648 gerendarum
1322 581 1391 632 artis
1417 581 1465 632 vix
1491 582 1574 630 minus

293 666 430 717 studiosus
454 681 534 731 quam
558 669 635 716 euius
657 668 743 716 vitam
766 667 809 716 his
827 668 889 716 unis
914 667 1013 718 officiis
1036 673 1121 718 totam
1145 667 1351 717 destinavisset.
1386 666 1486 716 Muses
1504 673 1574 731 pote-

292 756 335 801 rat
353 750 520 816 relinquere,
541 753 633 803 Musas
651 768 704 802 nou
722 754 823 816 potuit;
843 752 891 801 sed
910 754 937 800 in
956 768 1050 802 musea
1069 754 1166 814 etium,
1186 753 1311 818 quotiens
1329 751 1427 817 potuit,
1446 749 1530 800 rediit
1546 750 1575 798 li·

292 837 402 899 benter,
426 836 654 903 liberaliorcsque
677 837 786 887 litteras
811 843 839 886 et
862 853 954 886 earum
978 843 1194 903 propugnatores
1212 842 1243 887 ιιι
1260 838 1368 887 sincere
1388 835 1513 897 amabat,
1539 836 1576 884 ita

292 925 337 989 pie
361 922 471 974 colebat
495 938 527 972 ae
550 929 661 972 strenue
687 923 721 971 ab
744 922 867 972 hostibus
891 923 997 986 ingenii
1020 937 1125 987 quoque
1151 923 1233 972 armis
1256 920 1426 972 defendebat
1452 920 1575 984 laetisque

291 1010 348 1060 suis
370 1007 498 1059 laudibus
523 1008 692 1057 celebrabat.
729 1008 788 1068 Quo
811 1008 904 1073 itaque
928 1007 1021 1070 modo,
1045 1013 1075 1056 ιιι
1098 1023 1181 1072 supra
1198 1008 1314 1073 primam
1332 1012 1440 1072 partem
1459 1021 1520 1056 cum
1538 1021 1576 1054 se-

292 1094 395 1156 cunda,
424 1093 597 1158 quantumvis
620 1091 709 1141 altera
732 1093 767 1143 ab
791 1092 881 1142 altera
905 1092 1015 1142 diversa
1037 1093 1087 1150 sit,
1115 1093 1255 1143 cohaerere
1280 1097 1308 1143 et
1329 1096 1476 1157 utramque
1498 1089 1577 1141 solidi

292 1179 371 1244 quasi
389 1178 509 1244 eorporis
527 1178 676 1227 membrum
695 1193 756 1226 esse
775 1177 945 1241 significavi,
969 1193 1060 1228 rursus
1078 1178 1200 1228 secunda
1218 1177 1252 1227 ad
1271 1178 1380 1227 tertiam
1400 1177 1442 1226 ita
1460 1175 1575 1231 aceedit,

290 1270 321 1314 ut
347 1263 436 1315 altera
460 1262 541 1314 alteri
568 1278 629 1313 sese
655 1262 790 1325 insinuet,
815 1264 897 1327 inque
924 1268 1049 1327 quartam
1077 1267 1172 1328 aperto
1196 1262 1307 1311 tramite
1330 1267 1486 1312 transeant.
1521 1277 1576 1310 cer·

291 1350 396 1399 tamine
415 1353 511 1399 contra
529 1348 632 1399 curiam
650 1347 800 1396 Romanam
819 1363 867 1412 pro
886 1346 1016 1397 libertate
1036 1348 1191 1398 Germanias
1210 1347 1392 1412 ecclesiaque
1415 1347 1575 1404 sanctitate,

290 1440 321 1484 ut
344 1440 400 1485 tum
423 1450 466 1484 res
490 1438 580 1492 erant,
604 1449 653 1498 pro
670 1431 792 1481 Luthero
815 1433 923 1481 institui
946 1433 1096 1482 debebant:
1121 1437 1250 1497 quantum
1273 1432 1329 1482 illis
1351 1434 1497 1483 universus
1520 1431 1575 1480 fere

290 1525 424 1571 terrarum
442 1519 516 1570 orbis
536 1524 600 1568 tunc
619 1518 753 1568 concitari
772 1518 895 1582 eoeperit,
916 1524 1020 1581 quanta
1038 1518 1200 1568 fortitudine
1213 1518 1350 1568 Huttenus
1364 1518 1461 1568 eadem
1473 1533 1575 1583 pugna·

290 1606 375 1669 verit,
400 1604 517 1669 denique
535 1609 637 1653 utnon
656 1603 780 1653 hostibus
799 1603 848 1652 sed
865 1603 957 1652 morbo
976 1604 1081 1653 fructus
1099 1604 1273 1666 occubuerit,
1299 1619 1377 1656 nemo
1396 1604 1442 1669 qui
1460 1603 1522 1652 brec
1539 1602 1575 1652 le·

291 1696 339 1757 get
357 1705 491 1755 exponere
509 1687 590 1739 huius
607 1687 662 1739 loci
681 1704 741 1738 csse
759 1688 881 1753 putabit,
906 1694 936 1736 ιιι
958 1704 1009 1739 nec
1032 1688 1111 1737 huius
1135 1687 1188 1737 loci
1212 1694 1254 1737 ost
1276 1689 1464 1739 demonstrare
1482 1689 1577 1738 liutte-

290 1790 354 1825 num
371 1775 454 1826 rebus
473 1773 674 1824 ecclesiasticis
687 1773 869 1823 reformandis
883 1772 1052 1837 reipublice·
1065 1772 1259 1837 libertatisque
1273 1773 1445 1823 Germanicas
1458 1773 1577 1823 nationis

291 1875 377 1911 eausa
401 1874 494 1909 omnes
517 1860 584 1908 vitre
607 1874 706 1909 nervos
731 1858 921 1919 contendisse,
945 1857 1008 1906 dum
1027 1858 1162 1907 Lutherus
1185 1874 1239 1909 non
1257 1860 1310 1908 uisi
1329 1859 1391 1909 fidei
1411 1857 1576 1908 Christianae

291 1959 376 1995 causa
394 1945 546 2015 Romanam
565 1943 712 1993 ecelesiam
731 1943 897 1993 sollicitaret
914 1957 1017 2008 proque
1036 1943 1207 2008 principibus
1231 1960 1264 1993 ae
1286 1943 1368 1994 rebus
1390 1942 1526 2009 publicis,
1550 1948 1577 1992 ut

290 2044 428 2081 sacrorum
446 2029 592 2079 bibliorum
610 2045 660 2093 per
677 2029 769 2078 omnia
787 2043 914 2092 suprema
932 2028 1083 2077 auotoritas
1102 2033 1183 2097 esset,
1203 2034 1299 2078 contra
1316 2028 1462 2094 pontifices
1479 2028 1576 2078 Roma·

289 2130 340 2166 nos
359 2115 462 2166 acriter
479 2114 632 2165 dimicaret.
670 2130 750 2180 quam
768 2114 841 2162 inter
862 2119 1005 2177 utrumque
1027 2112 1113 2162 heroa
1135 2113 1319 2163 differentiam
1344 2114 1577 2164 convenientiam-

291 2216 342 2266 que
360 2200 420 2266 ipse
439 2205 530 2250 noster
548 2199 644 2250 melius
664 2215 744 2264 quam
763 2198 798 2247 ab
817 2197 873 2247 alio
892 2198 1092 2249 demonstratas
1111 2215 1153 2248 me
1171 2197 1264 2263 legere
1284 2199 1404 2260 memini,
1422 2198 1527 2249 litteris
1545 2198 1577 2248 ad

289 2284 439 2336 Lutberum
457 2285 569 2350 scriptis
588 2300 621 2334 ae
639 2285 777 2350 praecipue
796 2283 838 2332 his
856 2283 1078 2334 memorabilibus
1096 2284 1187 2332 verbis
1211 2300 1291 2345 „mea
1309 2284 1430 2334 humana
1448 2290 1526 2346 sunt,
1550 2289 1577 2332 tu

289 2371 441 2437 perfectior
463 2370 518 2419 iarn
542 2374 615 2420 totus
640 2385 672 2417 ex
696 2368 796 2418 divinis
815 2368 974 2433 dependcs“
994 2368 1057 2431 (vol.
1072 2369 1106 2419 ll.
1119 2386 1144 2434 p.
1158 2368 1212 2432 55.)
1232 2386 1294 2420 mea
1312 2369 1421 2435 quidem
1439 2369 1576 2420 sententia

290 2456 432 2521 expressit.

356 2542 452 2591 Pauca
475 2557 508 2590 ex
531 2541 654 2589 omnibus
679 2554 738 2604 qurc
758 2540 865 2604 repperi
884 2538 999 2587 liutteui
1020 2539 1186 2588 carminibus
1205 2539 1324 2604 (repperi
1343 2545 1434 2590 autem
1455 2541 1577 2606 quamvis

290 2630 374 2676 antea
392 2625 496 2674 inedita
510 2624 567 2674 iere
581 2624 664 2685 nulla,
685 2624 817 2689 conplura
836 2628 937 2685 tamen,
958 2639 1044 2687 eaque
1063 2623 1173 2673 minime
1192 2625 1354 2690 spernenda,
1374 2641 1446 2691 quae,
1466 2640 1528 2676 cum
1545 2624 1576 2674 li-

290 2709 372 2761 bellis
386 2711 591 2761 continerentur
603 2725 714 2774 quorum
728 2709 853 2774 exempla
865 2709 910 2759 vix
923 2709 971 2757 uni
985 2715 1032 2758 uut
1046 2709 1127 2759 alteri
1140 2711 1300 2775 conspicere
1312 2710 1405 2759 datum
1419 2710 1481 2772 fuit,
1495 2709 1575 2777 plane

291 2797 320 2845 in
338 2794 505 2845 oblivionem
525 2794 663 2857 abierant)
683 2796 710 2843 in
729 2794 781 2844 hoc
799 2793 926 2844 volumen
945 2810 998 2843 uon
1017 2795 1119 2860 recepi,
1139 2799 1169 2844 ut
1182 2800 1244 2860 pote
1259 2811 1316 2860 quae
1329 2797 1357 2844 in
1370 2794 1485 2860 reliquis
1499 2800 1575 2860 quat-

290 2886 352 2930 tuor
374 2879 456 2930 tomis
479 2895 557 2930 suum
578 2879 680 2940 locum,
707 2894 834 2943 eumque,
859 2880 882 2928 si
906 2896 922 2928 a
946 2881 1093 2944 perpaucis
1112 2881 1274 2938 recesseris,
1293 2881 1435 2931 iustiorem
1455 2897 1536 2945 quam
1554 2882 1575 2930 si

290 2966 383 3029 omnia
399 2964 464 3015 huic
482 2965 614 3015 volumini
632 2979 830 3024 reservassem,
855 2965 909 3012 ism
934 2965 1104 3014 invenerant.
1140 2966 1181 3015 Ne
1204 2982 1268 3015 vero
1291 2965 1418 3016 inmerito
1436 2968 1466 3015 in
1483 2965 1574 3032 negle-

291 3051 393 3117 gentia·
412 3050 515 3100 crimen
533 3050 695 3106 inciderem,
719 3051 803 3099 etiarn
822 3049 866 3098 hie
885 3049 1035 3100 omittenda
1054 3051 1176 3100 carmina
1195 3066 1226 3101 eo
1246 3051 1370 3116 quodque
1388 3050 1450 3102 loco
1469 3067 1574 3101 conme-

290 3137 395 3186 moravi
413 3151 492 3200 quem
512 3137 538 3184 ei
555 3135 703 3195 dedissem,
729 3137 752 3185 si
771 3152 825 3185 non
844 3136 962 3185 omnium
980 3136 1096 3184 Huttoni
1116 3151 1240 3200 operum,
1264 3137 1313 3186 sed
1331 3138 1499 3201 poeticorum
1518 3143 1573 3187 tan-

288 3224 345 3271 tum
358 3221 436 3271 modo
449 3221 598 3271 editionem
610 3222 791 3287 paravissem.
828 3223 916 3284 Atque
929 3220 989 3270 lucc
1002 3223 1064 3285 ipsa
1082 3221 1162 3282 ratio,
1182 3227 1212 3271 ut
1230 3227 1339 3272 taceam
1359 3221 1425 3285 alia,
1444 3225 1514 3272 satis
1532 3222 1574 3272 de·

289 3305 379 3356 clarat
397 3322 445 3357 cur
462 3322 535 3356 nunc
554 3306 588 3355 ad
608 3323 641 3356 ca
660 3321 720 3370 quoe
740 3322 773 3356 ex
792 3305 924 3371 Epistolis
943 3306 1118 3354 obscurorum
1136 3307 1253 3355 virorum
1271 3308 1394 3357 Hutteno
1419 3307 1515 3357 deberi
1539 3309 1573 3358 ui·

289 3391 413 3451 deantur,
433 3392 541 3440 omnino
559 3406 614 3440 non
632 3392 811 3456 respexerim:
830 3391 873 3440 his
892 3391 963 3439 enirn
983 3390 1106 3455 epistolis
1124 3406 1201 3441 errrrm
1220 3391 1347 3442 volumen
1365 3374 1491 3456 debetur,
1511 3391 1573 3458 quod

291 3490 308 3524 a
326 3491 368 3524 me
388 3475 559 3526 elaboratum
577 3476 709 3542 posthoc
728 3477 771 3525 edi
791 3491 879 3540 spero.
