3294 5408
584 1199 705 1259 ututur
734 1199 920 1259 ut'r'ruut·

390 1301 438 1350 ux
457 1300 636 1361 uovusrar
657 1300 795 1351 (tauma
814 1299 1087 1350 anornxsunurrs

532 1389 663 1444 tlntttttn'
687 1388 949 1444 ntrrucrrssuuu

262 1483 376 1531 MORES
399 1483 565 1530 HOMINVM
588 1483 764 1530 Annunt'nl
789 1483 942 1529 rt'cvnuu
966 1481 1213 1528 COMPLECI'ENS

646 1570 691 1604 CVI
710 1572 828 1605 TITVLVS

593 1641 683 1714 VIR
709 1638 891 1714 BONVS.

301 1828 393 1888 Cerne
416 1823 507 1887 noros
531 1828 639 1900 vrrltus,
663 1849 763 1891 reruru
786 1829 915 1902 studiose
938 1844 1093 1891 notarunt,

383 1929 419 1989 Et
441 1930 518 1990 facili
542 1933 669 1991 tuonitns
692 1935 792 2010 accipe
815 1929 1019 1990 corduanos,

300 2031 383 2109 Saepe
405 2040 522 2093 movent
544 2033 648 2094 rneiius
669 2035 802 2113 propiori
824 2033 940 2109 cognita
964 2033 1039 2099 risu,

261 2154 274 2192 a
382 2134 512 2212 inspice,
534 2144 602 2195 sunt
625 2137 733 2199 tetricis
756 2138 809 2196 ista
832 2134 954 2195 ridenda
977 2133 1054 2192 viris.

301 2235 388 2296 tlnlta
410 2237 509 2297 rident
531 2236 621 2307 oculi,
644 2238 696 2299 sed
718 2239 755 2298 ad
777 2237 917 2297 interiora
940 2235 1106 2301 rerrnittunt,

384 2336 554 2417 Opportuna
577 2342 669 2417 inagis
691 2339 801 2400 hanina
823 2347 927 2418 peetus
948 2335 1046 2398 habet.

300 2439 376 2500 Rara
399 2441 471 2501 mihi
493 2442 582 2501 iacies
605 2449 633 2502 et
655 2441 724 2505 solis
746 2443 862 2519 cognita
885 2441 983 2509 iustis,

261 2561 274 2601 a
381 2541 458 2602 Cura
481 2542 587 2621 quibus
610 2546 671 2604 reri
693 2553 737 2604 est
758 2545 930 2621 iustitiaque
953 2539 1049 2601 calor:

300 2642 384 2704 Novit
407 2646 562 2714 Aristides,
586 2649 665 2705 nuru
689 2648 731 2706 vir
753 2646 837 2706 sortis
860 2643 983 2712 missae,

384 2745 422 2807 Et
443 2765 509 2816 ros,
532 2748 689 2807 socratica
711 2747 834 2809 carrelirla
858 2745 943 2807 turba
966 2744 1088 2815 scitota,

302 2846 433 2927 Cumque
455 2849 564 2909 catone
586 2849 683 2911 bonus
704 2850 822 2917 Nasica,
846 2856 874 2910 et
896 2847 993 2909 (letius
1015 2849 1131 2924 ingens,

251 2968 275 3010 u
382 2948 418 3010 Et
439 2948 558 3020 Cicero,
581 2951 670 3012 Latiae
692 2952 784 3029 gioria
807 2952 900 3029 prirua
923 2959 1012 3027 togae:

301 3050 465 3113 Prudentes
487 3072 596 3113 norae
621 3056 690 3121 riri,
714 3054 795 3115 rudis
817 3055 916 3113 taurina
939 3054 1074 3113 darnuat:

386 3154 460 3215 num
483 3155 616 3223 (iurarunt,
640 3158 705 3217 ritca
727 3164 771 3216 est
793 3156 910 3216 nescius
931 3156 993 3233 ipse
1015 3172 1085 3213 suae.

302 3254 391 3332 Siqua
414 3257 480 3318 rudi
502 3265 599 3317 tarrren
622 3265 665 3317 est
687 3258 817 3318 discetuii
840 3275 925 3326 cura,
949 3256 1086 3335 cupitque

251 3377 276 3417 aa
385 3357 528 3420 Excutere
551 3361 686 3437 iguaunn
710 3359 860 3419 ritrbiiitate
882 3360 1029 3425 aruinum,

302 3458 396 3519 Ponat
417 3479 492 3540 opus
516 3463 592 3521 uitiis
616 3461 750 3539 plernuu,
774 3469 803 3522 ct
825 3463 935 3520 nitatur
957 3462 987 3521 in
1010 3458 1096 3530 nun,

388 3562 470 3623 Unde
492 3564 581 3624 uectis
604 3562 700 3641 longae
721 3565 900 3641 posteritatis
922 3565 993 3633 erit,

302 3663 488 3743 tlonsilioque
510 3684 577 3726 tneo
601 3664 683 3740 (arnul
706 3673 749 3727 est
772 3666 956 3744 praestantius
978 3665 1037 3741 iilo)

249 3785 277 3824 ao
324 3805 327 3810 -
384 3765 521 3836 Incubet,
546 3766 712 3846 exaernpiar,
736 3786 794 3846 quo
817 3768 973 3835 doceatur,
997 3767 1095 3828 lraltet.

1061 3628 1069 3657 Ι

149 3949 295 3995 eearmeu,
315 3935 392 3984 euius
405 3936 531 4002 exempla
545 3941 731 3989 rec-errsuirnns
750 3940 834 4015 lpdie.
849 3937 976 4001 bibliogr.
990 3954 1063 3987 iruna
1077 3937 1162 3997 t'111.,
1183 3935 1305 4000 ‹prramvia
1319 3951 1390 3983 aratro

149 4035 206 4069 rum
227 4018 301 4070 1513.
320 4019 490 4084 publicatum
510 4023 559 4079 sit,
585 4039 645 4073 curn
670 4040 723 4073 non
749 4025 788 4078 ita
813 4025 894 4089 longo
912 4030 974 4089 post.
992 4022 1147 4087 elegiaeam
1166 4022 1200 4071 de
1219 4021 1326 4070 Virtute
1345 4037 1391 4069 ex·

149 4105 283 4155 tationem
301 4107 473 4171 conpositum
493 4123 553 4157 esne
572 4108 713 4169 rideatur,
738 4125 853 4173 (praetenui
877 4110 962 4158 ctiam
987 4109 1065 4173 qtraei
1085 4107 1251 4172 cognatione
1271 4107 1391 4155 iunctum

149 4227 156 4248 ,
180 4191 275 4239 atatim
297 4196 360 4255 post
382 4208 443 4241 carn
466 4193 620 4258 ponendum
647 4210 707 4244 esse
731 4194 803 4243 duxi.
840 4194 899 4243 t'iri
922 4194 986 4243 boni
1008 4195 1105 4242 niirarn
1123 4193 1258 4257 picturam
1277 4191 1391 4241 carmini

168 4277 357 4326 conmentario
377 4292 438 4326 esse
458 4284 554 4329 auctor
573 4284 667 4344 aperte
687 4278 788 4333 volarit.
808 4295 892 4343 [puero
911 4278 1042 4328 acicurato
1061 4277 1239 4342 repetendam
1254 4277 1391 4325 iussimus.

149 4365 232 4411 nasae
251 4359 352 4425 aliquis
372 4378 405 4410 ex
423 4362 567 4414 versiculis
587 4366 635 4413 (te.
656 4364 687 4415 lt.
706 4365 821 4428 Herbip.
843 4369 904 4428 post
923 4364 1010 4426 ipsam
1035 4362 1165 4412 eanninis
1185 4362 1391 4427 inseriptionern

150 4445 227 4495 etitia
245 4446 293 4509 (ef.
305 4445 359 4496 vol.
374 4446 396 4495 1.
409 4463 435 4512 p.
448 4446 504 4511 28.)
523 4454 570 4498 aut
589 4464 621 4499 ex
641 4448 811 4498 Schottianis
830 4464 896 4512 ‹puos
910 4449 994 4496 etiarn
1014 4445 1166 4511 exemplum
1184 4446 1313 4512 princeps
1329 4452 1392 4511 post

149 4530 266 4607 tiptteni
285 4547 395 4581 carmen
414 4531 511 4591 habet,
531 4549 583 4598 quo
602 4539 724 4598 temporo
742 4533 794 4582 hoc
812 4533 944 4596 scripturn
963 4533 1013 4594 ait,
1033 4532 1157 4581 exactius
1177 4530 1334 4596 explicabit.

388 4605 557 4612 --—--—.
570 4606 660 4612 --..-.
673 4606 742 4611 .-—-
777 4605 869 4611 ..—-—
878 4606 884 4610 .
894 4602 1112 4610 ——--———-—.
1144 4600 1393 4609 —.—---—

169 4679 316 4750 scotusc]
336 4683 547 4736 Adolesentist.
612 4684 771 4751 tiustitieq;
786 4690 809 4734 1.
879 4684 1023 4749 ”Ulysses
1036 4690 1060 4734 2.
1075 4702 1131 4751 app.
1205 4683 1223 4716 ¹¹
1243 4684 1355 4735 Coelius
1368 4689 1391 4735 o'.

149 4766 241 4819 tinet.
295 4768 315 4801 ¹¹⁵
334 4769 414 4835 longo
434 4776 457 4820 1.
