3294 5408
187 371 259 447 1¹2
439 432 445 442 .
723 402 943 443 surreuraeuo.

334 556 428 622 Nemo
450 567 530 621 sorte
551 576 604 621 sua
626 559 695 619 vivit
715 568 884 632 contentus,
909 568 938 623 et
959 562 1035 622 iutra

421 661 581 722 Fortunam
603 662 705 722 didicit
727 662 820 723 Nemo
842 680 963 724 manere
984 682 1078 729 suam.

334 763 427 824 Nemo
449 763 636 827 sacerdotum
658 764 744 824 luxus
766 765 912 844 vitamque
934 766 1084 843 supdram,

288 886 312 925 ea
421 864 514 925 Nemo
537 865 624 926 audet
645 867 759 926 Latium
783 885 906 945 carpere
928 867 1111 929 Pontificem.

334 967 427 1028 Nemo
449 969 478 1027 in
501 984 602 1051 amore
624 968 715 1046 sapit;
738 967 832 1028 Nemo
855 971 951 1029 estin
973 987 1075 1030 amore
1096 967 1208 1039 fidelis,

418 1070 511 1131 Nemo
533 1068 582 1130 alii
605 1071 727 1147 propior
749 1088 836 1148 quam
859 1070 959 1132 studet
980 1089 1045 1132 esse
1066 1070 1133 1133 sibi.

334 1171 426 1231 Nemo
449 1190 536 1249 uagas
558 1180 695 1232 numerat
715 1171 828 1240 stellam
852 1174 923 1250 ipso-
938 1173 1043 1234 ordine
1064 1176 1145 1235 novit
1183 1195 1186 1199 ·

287 1292 312 1331 ro
420 1271 528 1343 Nemo,
552 1272 622 1352 quid
643 1274 674 1333 in
696 1281 791 1343 terra,
815 1274 943 1353 quidque
965 1275 1079 1338 teratur
1101 1293 1186 1354 aqua.

333 1373 425 1435 Nemo
449 1381 546 1452 potest
568 1375 695 1435 dominis
716 1374 803 1436 slmul
824 1378 967 1438 inservire
990 1375 1125 1447 duobus,

418 1475 511 1537 Nemo
534 1477 620 1555 quod
635 1485 664 1538 et
685 1479 800 1556 quoties
823 1480 947 1556 expetit,
970 1478 1041 1540 illud
1064 1478 1164 1541 habet.

334 1578 426 1640 Nemo
449 1578 560 1656 bonus,
582 1580 676 1640 blemo
698 1589 743 1643 est
765 1599 800 1640 ex
823 1583 903 1641 omni
924 1589 1008 1659 parte
1029 1580 1150 1649 beatus3

194 1716 215 1735 ,
285 1697 311 1738 aa
420 1680 512 1741 Nemo
534 1681 622 1742 simul
643 1683 722 1759 potis
745 1688 792 1743 est
814 1681 952 1744 omnibus
974 1699 1039 1744 esse
1059 1658 1143 1744 locis.

332 1780 425 1843 Nemo
448 1801 552 1844 omnes
573 1783 667 1861 posita
689 1783 854 1845 Germanos
875 1783 940 1861 lego
962 1791 1096 1855 coercet,

417 1884 509 1946 Nemo
532 1887 633 1962 iugum
654 1883 750 1946 Rheni
772 1885 910 1963 gentibus
931 1885 1080 1965 imposuit.

244 1986 252 2002 ⁶
331 1984 424 2047 Nemo
446 2004 500 2066 per
522 1988 666 2047 innocuos
687 2005 787 2049 mores
809 1990 953 2066 emergit·
972 1994 1001 2048 et
1022 1986 1097 2049 aulae

285 2086 333 2146 as'
417 2088 536 2149 Sontica
559 2090 749 2167 prosequitur
771 2108 894 2152 munera
917 2089 1010 2150 Nemo
1033 2091 1108 2168 pius.

330 2189 424 2249 Nemo
447 2189 636 2262 Quirinalem
649 2190 800 2253 dominatu
821 2190 928 2253 liberat
948 2191 1072 2262 urbem,

415 2292 508 2353 Nemo
530 2291 674 2353 laboranti
695 2293 830 2355 subvenit
849 2293 953 2362 ltaliae3

330 2393 422 2455 Nemo
444 2395 524 2455 leros
546 2392 623 2454 bello
646 2394 759 2456 ancas
781 2395 854 2466 adit;
879 2404 908 2458 et
928 2395 1008 2457 bona
1030 2404 1114 2456 curat

282 2513 307 2554 aa
415 2494 536 2557 Publica
557 2498 671 2575 privato
694 2516 817 2559 munere
839 2497 932 2558 Nemo
955 2499 1057 2576 magis.

330 2597 423 2657 Nemo
446 2607 525 2659 certa
547 2600 630 2677 sequi
653 2599 709 2660 sibi
731 2599 867 2660 conscius
889 2600 998 2678 optima
1021 2597 1106 2675 legit,

414 2701 507 2761 Nemo
530 2701 619 2763 audet
639 2701 743 2762 subitis
764 2700 855 2762 rebus
878 2700 988 2763 babere
1010 2701 1107 2762 tidem.

325 2923 409 2979 Nemo
432 2925 459 2979 iu
482 2942 573 2980 amore
596 2924 681 2999 sapit.
703 2925 787 2981 Nemo
810 2933 853 2981 est
875 2925 902 2980 iu
924 2942 1016 2982 amore
1038 2924 1142 2990 fidelis;
1168 2910 1175 2923 ⁸

270 3025 297 3066 at
400 3008 484 3065 Nemo
507 3012 568 3065 aliis
588 3011 640 3065 sibi
657 3028 738 3082 quam
757 3011 842 3081 fidr'or
863 3025 922 3065 esse
942 3012 1016 3066 solet.

326 3093 410 3150 Nemo
432 3112 513 3167 vagas
535 3102 661 3151 numerat
682 3094 788 3157 stollas,
812 3095 872 3169 ipso
896 3095 992 3153 ordine
1014 3095 1090 3151 novit

400 3179 483 3235 Nemo
507 3180 570 3253 quid
593 3180 620 3235 in
643 3188 715 3236 terra
738 3179 857 3254 quidque
880 3180 983 3237 leretur
1004 3198 1083 3255 aqua.

323 3264 406 3321 Nemo
428 3272 522 3338 potest
540 3264 658 3320 dominis
680 3264 759 3343 simul
783 3264 913 3320 inservire
935 3264 1049 3322 duobus.

269 3365 296 3406 es
403 3349 489 3405 Nemo
505 3357 597 3421 potest
617 3351 705 3407 arcitus
724 3365 835 3424 semper
855 3350 960 3407 babere
977 3365 1075 3422 parer.

238 3547 639 3602 ⁸'chorutsntLlinit.
689 3551 759 3599 torre
770 3550 794 3598 6.
840 3545 863 3579 ³⁴
877 3549 914 3599 cf.
927 3547 1279 3616 Properr.1v.o,(111.7,)a
1313 3547 1459 3608 “an-arl-

168 3639 254 3697 posuit
273 3638 296 3684 7.
350 3634 383 3683 In
402 3648 443 3682 ex.
456 3632 584 3684 Moneelr.
599 3632 719 3698 quidam,
737 3649 792 3683 uon
810 3632 1021 3699 Weislmgerus,
1042 3635 1120 3685 euius
1139 3634 1293 3702 exemplum
1309 3635 1392 3687 huius
1407 3636 1460 3687 rte-

170 3718 253 3768 minis
275 3718 335 3783 ipse
357 3717 498 3783 possideo,
524 3719 673 3784 adscripsit
698 3718 844 3769 ‘Diabole'.
914 3718 1042 3769 Ceterum
1058 3718 1110 3770 hos
1127 3734 1223 3771 versus
1239 3719 1341 3774 aeto
1356 3735 1461 3789 pancos

171 3807 233 3867 post
251 3817 340 3852 annos
351 3804 492 3889 Ilutteuup
510 3807 573 3869 post
590 3818 625 3853 ea
643 3819 703 3868 quae
722 3804 873 3869 scripserat
890 3805 960 3869 ipse,
980 3805 1102 3855 seribere
1119 3820 1175 3856 non
1186 3806 1335 3872 potuIaset.
1381 3804 1407 3839 ⁸¹
1423 3806 1461 3857 el.

168 3888 238 3939 Luc.
251 3888 286 3938 X.
299 3886 342 3938 ab.
405 3881 467 3950 ἐπεὶ
485 3882 518 3940 δὲ
537 3885 672 3954 φιλαυτοὶ
689 3880 804 3949 πάντες.
823 3888 906 3940 Arist.
920 3889 991 3941 rhet.
1004 3889 1042 3940 Π.
1062 3889 1126 3940 ‘Suo
1144 3891 1219 3941 enirn
1235 3892 1353 3957 quisque
1370 3890 1463 3943 studio

169 3973 287 4023 maxime
304 3972 432 4024 ducitur’.
451 3974 516 4023 Piso
530 3989 574 4038 ap.
590 3973 649 4024 Cic.
663 3974 697 4024 de
710 3973 756 4024 fin.
769 3974 802 4025 V.
816 3975 841 4037 2,
849 3985 871 4025 5.
906 4036 909 4043 Ι
923 3973 945 4006 ³⁰
964 3971 1100 4040 numerat]
1113 3975 1151 4026 el.
1163 3975 1264 4027 Ierem.
1276 3975 1407 4027 XXXIII.
1420 3976 1462 4026 22

168 4054 189 4089 ⁴¹
207 4056 308 4108 Matth.
321 4057 503 4111 v1.·24.Luc.
517 4059 590 4110 XVI.
604 4057 644 4109 13.
702 4056 725 4093 ⁴²
743 4060 849 4124 expetit
866 4059 946 4124 illud,
966 4059 1061 4110 hebet.
1079 4061 1140 4111 edd.
1155 4067 1259 4125 preater
1276 4063 1318 4111 16.
1348 4060 1465 4128 expedit

168 4145 364 4195 retortas.
377 4150 402 4193 et
419 4147 457 4194 aic
478 4159 577 4194 scamma
599 4145 676 4195 etiarn
695 4144 842 4195 Geranaaiee
865 4146 982 4210 eorrupit
999 4147 1043 4195 25.
1111 4141 1134 4176 ⁴⁸
1151 4143 1249 4208 „Nthl
1271 4150 1315 4196 est
1333 4145 1370 4196 ab
1388 4146 1464 4199 omui

167 4229 253 4279 Parte
271 4228 491 4278 beatum''.Ilor.
505 4227 599 4278 od.11.
616 4227 697 4292 liat.
762 4228 804 4295 ex]
824 4229 860 4280 ab
878 4233 922 4282 25.
979 4226 1001 4261 ⁴⁵
1019 4229 1125 4281 omneis
1143 4231 1218 4281 217.
1270 4227 1294 4263 ⁴⁸
1310 4228 1464 4295 „Illtmonb

168 4311 233 4380 tepet
251 4313 297 4367 tm
315 4310 403 4377 dibrin
420 4310 481 4367 fiber
499 4311 538 4366 bie
555 4311 644 4367 bouet
661 4327 719 4380 aum
736 4312 847 4381 pettn‘t
876 4317 914 4366 ete
931 4314 1074 4373 Menelaus,
1092 4330 1155 4365 cum
1171 4314 1263 4365 Rheni
1280 4315 1415 4381 gentibus
1432 4316 1464 4379 (i.

168 4414 192 4449 e.
204 4397 334 4462 Francis)
354 4414 371 4449 a
383 4399 493 4449 semiue
512 4399 606 4463 iugum
623 4399 772 4465 inpositum
785 4415 846 4451 esse
859 4400 992 4466 glorietur
1004 4404 1110 4463 auctor,
1128 4399 1162 4450 de
1175 4399 1292 4451 Nomine
1301 4398 1466 4465 predicans

167 4484 238 4547 quod
257 4483 381 4534 sMultIs
399 4484 505 4534 foetum
524 4488 574 4534 est.
621 4481 644 4516 ⁴⁷
662 4484 699 4534 cf.
712 4484 850 4551 dialogum
862 4485 1011 4537 Miseulum
1028 4500 1050 4536 s.
1063 4484 1172 4535 Aulam.
1218 4480 1241 4518 ⁴⁸
1257 4482 1387 4553 Senties]
1406 4502 1465 4539 mo·

166 4568 242 4618 ribus
259 4569 339 4619 bouis
357 4571 449 4620 noxia.
512 4567 534 4601 ⁴⁰
551 4574 609 4625 ᾶ-
627 4573 650 4618 7.
703 4569 845 4620 dominata
862 4574 906 4621 21.
969 4567 993 4602 ⁵⁰
1009 4569 1184 4635 correpens
1202 4568 1351 4636 epistolam
1368 4570 1466 4624 stulte

166 4652 306 4704 ficticium.
359 4653 378 4687 '⁰¹
398 4656 435 4704 ei.
449 4654 609 4705 Orationem
628 4655 661 4705 do
679 4654 753 4705 bello
771 4656 869 4705 'l'urcis
888 4655 1041 4706 inferendo.

232 4734 254 4768 ²¹
271 4736 351 4803 solet]
370 4744 461 4805 potest
479 4744 503 4789 6.
