3294 5408
416 432 538 468 nvnrsttl
553 429 720 467 ΟΕΙΙΑΙΙΙΔΙ
734 431 849 468 1101οἾ1
863 431 1063 468 brunnum
1077 433 1231 470 nnsotcvrt.

380 586 431 648 llis
453 586 563 648 bellum
586 586 719 665 populis,
741 588 874 666 requiem
895 594 1048 668 tentetque
1069 589 1220 668 supinam,

382 690 494 750 Sentiet
515 687 636 749 ultrices
659 690 687 748 in
711 706 743 748 se
765 706 947 751 concurrere
969 691 1046 751 vires

382 790 607 869 Comperietque
630 789 707 850 barre
729 807 784 850 nos
805 808 909 869 pecem
932 792 1075 852 lurmnsse
1098 792 1249 872 rudesque

331 913 367 951 rm
383 892 532 954 Erudiisse
555 894 669 953 animus
691 893 849 972 studioque
871 894 985 955 acuisse
1008 900 1178 972 sequestru;

380 995 491 1054 Sentiet
512 994 671 1055 horribiles
693 1013 752 1055 nun
776 995 885 1056 lrustra
907 997 988 1056 exire
1011 996 1123 1056 Suevos

382 1097 476 1175 Atque
499 1097 586 1156 etiam
609 1095 707 1175 lingue
731 1097 863 1157 Francos
885 1097 1041 1176 uerbisque
1064 1098 1226 1169 timendos

381 1196 542 1258 Terribiles
564 1200 695 1277 equitum
718 1204 831 1259 turmas
853 1205 883 1260 et
904 1198 1025 1261 lulminu
1041 1199 1126 1270 belli,

384 1297 614 1378 Vindelycesque
637 1299 750 1379 equitas
772 1307 860 1380 etque
882 1301 1024 1362 ebrietate
1047 1303 1163 1364 leruces

332 1421 367 1458 ns
382 1401 516 1461 Saxoniae
538 1399 679 1480 pupulos
703 1420 759 1464 nee
781 1411 916 1481 egentem
938 1402 1049 1463 viribus
1071 1405 1211 1475 Hessum,

382 1502 419 1562 Et
440 1519 590 1582 nunquam
614 1503 757 1564 domitum
779 1504 915 1566 Rhenum
937 1506 1083 1584 totiesque
1105 1508 1243 1584 petitum,

382 1605 417 1664 Et
438 1605 690 1684 medies-gentes,
712 1624 837 1684 querum
859 1624 939 1667 nuuc
963 1606 1056 1684 glorie
1078 1610 1173 1668 maior

383 1707 475 1778 Ouum
499 1708 554 1767 luit
575 1705 622 1766 ille
645 1715 743 1776 vetus;
767 1711 814 1768 cui
837 1710 950 1788 siquem
974 1711 1116 1787 temperis
1137 1709 1226 1771 buius

383 1808 521 1869 Paenituit
540 1811 689 1889 sortisque
710 1827 786 1882 suae,
810 1812 957 1891 praeennie
981 1809 1100 1872 tautum

331 1931 367 1970 no
381 1909 519 1970 Attribuit
542 1910 663 1972 meliore
685 1911 767 1973 loen:
790 1913 945 1990 presentie
968 1913 1090 1974 sordent

382 2012 460 2072 tura
482 2012 591 2091 quibus
614 2013 731 2074 lortnna
754 2015 849 2083 venit:
872 2015 920 2075 cui
941 2033 1086 2093 prospera
1108 2032 1168 2076 uon
1191 2025 1261 2077 sunt

382 2114 545 2194 Tempore,
568 2114 680 2175 loeliees
703 2118 815 2195 primus
837 2124 936 2187 vocat,
960 2116 1061 2177 ultime
1084 2116 1213 2178 damnet.

381 2216 411 2275 si
433 2234 536 2276 sumus
558 2216 692 2278 imbelles
713 2219 885 2297 priscasque
908 2219 1059 2279 emisimus
1081 2224 1175 2288 nrtes,

381 2318 440 2378 Cur
463 2336 521 2377 non
544 2325 643 2379 nestra
667 2320 745 2380 venit
767 2320 891 2382 Romani
913 2322 1081 2398 irrumpere
1103 2320 1205 2382 Gallus

331 2440 367 2480 ns
382 2419 517 2480 AEmulus
540 2421 671 2499 imperiii
694 2439 747 2482 eur
769 2409 829 2482 nun
851 2439 916 2484 sese
938 2421 1008 2483 ltnle
1030 2421 1117 2483 tellus

380 2522 474 2600 Eripit
496 2522 540 2583 bis
562 2522 653 2582 titulis
674 2522 820 2603 nobisque
841 2524 963 2585 subesse
985 2525 1121 2587 recuset?

381 2625 441 2684 Cur
463 2642 522 2683 non
546 2632 649 2685 cuneta
673 2632 777 2706 petens
799 2627 897 2687 animo
920 2626 1133 2687 blebumeticus
1155 2625 1247 2688 bustis

380 2725 475 2786 Audet
490 2728 519 2787 in
535 2726 588 2787 bes
603 2727 696 2788 riresl
719 2734 800 2789 certe
816 2727 894 2789 beuti
910 2728 967 2789 boc
982 2735 1117 2807 tempure
1132 2730 1287 2809 quisquam

382 2932 427 2990 llis
448 2952 519 2990 nova
541 2934 609 2990 bella
631 2936 710 3004 locis,
730 2936 864 3008 popellum
886 2942 1027 3010 tentetque
1048 2936 1181 3008 quietum,

380 3020 485 3076 Sentiet
507 3019 619 3076 ultrices
642 3020 669 3075 in
692 3037 722 3076 se
744 3037 908 3077 correurrere
929 3023 1000 3076 vires

343 3121 368 3159 eu
384 3105 419 3159 nt
439 3107 506 3159 sciet
527 3104 596 3160 benc
614 3107 749 3177 populum
771 3122 866 3179 pueem
889 3105 1021 3161 formasse
1044 3105 1183 3181 rudesque

379 3190 518 3246 Erurliisse
540 3191 645 3245 unimus
667 3190 813 3263 studioque
835 3192 940 3247 uenisse
962 3198 1123 3266 sequestro.

380 3274 483 3331 Sentiet
506 3274 653 3331 horribiles
676 3291 731 3332 uun
754 3275 857 3333 lrnstra
879 3276 952 3330 exire
974 3275 1092 3338 Suevos,

380 3363 468 3435 Atque
490 3361 571 3417 etiam
595 3361 686 3433 lingue
708 3360 827 3417 Francos
849 3359 992 3434 verbisque
1015 3360 1163 3424 timendos.

381 3443 412 3499 Et
435 3463 572 3519 nunqnam
594 3445 727 3502 domitum
750 3445 886 3508 liberum.
911 3446 1049 3520 totiesque
1072 3445 1201 3519 petitum.

340 3547 366 3585 ns
381 3530 414 3584 Et
435 3531 537 3587 mertias
559 3539 669 3603 gentes.
692 3548 807 3605 querum
830 3547 902 3587 nune
924 3528 1012 3604 glorie
1034 3531 1122 3587 maier

379 3614 463 3682 Quum
487 3616 539 3671 luit
560 3624 609 3670 uu!
628 3619 726 3672 animis
746 3623 796 3672 ant
814 3618 889 3671 Iertes
909 3616 1011 3671 viribus
1032 3632 1164 3687 nnqrenm.

380 3699 406 3754 Si
429 3717 523 3757 sumus
545 3699 667 3758 imbelles
689 3701 848 3775 priscasque
869 3700 1007 3758 emisimus
1029 3707 1116 3764 artes.

301 3806 304 3812 ·
380 3784 433 3840 Cur
456 3803 510 3841 nnn
533 3793 627 3841 nostru
649 3789 723 3842 venit
745 3786 856 3842 liomuni
880 3786 1032 3859 irrumpere
1054 3785 1147 3841 Gnllus

380 3870 508 3926 Aemulus
531 3870 655 3944 imperiii
677 3886 726 3927 eur
748 3887 803 3926 non
826 3888 887 3928 sese
909 3869 973 3926 ltula
997 3869 1079 3926 tellus

330 3969 367 4008 reu
383 3954 506 4027 Surripit
522 3958 556 4010 iis
573 3956 686 4010 (lucibus
708 3954 842 4030 nubisque
864 3955 977 4012 subesse
999 3955 1126 4011 recusati

379 4040 433 4095 Cur
455 4057 508 4095 non
530 4048 626 4096 ennete
648 4048 746 4114 petens
768 4041 857 4096 animo
880 4040 1072 4096 blulmmeticus
1094 4040 1183 4096 bostis

379 4125 467 4181 ludet
490 4128 517 4181 iu
540 4126 588 4181 bus
604 4125 692 4180 eires?
715 4140 813 4198 nempe
828 4124 898 4181 liuutl
914 4126 966 4182 buc
982 4132 1104 4199 tempore
1121 4125 1265 4199 quisquam
1413 4139 1471 4190 tite)

244 4357 277 4392 ¹⁰⁰
295 4356 365 4409 stud.
379 4354 531 4425 sequestro]
556 4357 634 4424 quasi
656 4357 729 4423 apud
751 4357 823 4424 quod
840 4373 886 4410 res
904 4355 995 4408 dubiae
1014 4358 1164 4408 incertaeve
1182 4360 1241 4407 tuto
1259 4355 1469 4422 deponerentur.

176 4442 209 4477 ¹⁰¹
228 4441 314 4509 exire]
336 4445 354 4494 i.
370 4461 393 4496 e.
409 4443 507 4494 exisse.
556 4441 593 4482 ‚¹⁰⁶
611 4448 660 4494 tot.
674 4440 741 4510 pet]
760 4444 885 4510 quemvis
902 4457 976 4508 saepe
995 4443 1098 4508 petitus
1117 4446 1199 4493 esset.
1256 4439 1291 4473 ¹⁰⁷
1307 4438 1413 4490 medies
1432 4434 1469 4505 μ]

176 4529 317 4579 interieris
335 4527 491 4579 Germeniae
510 4533 617 4593 gentes.
677 4525 709 4562 ¹¹⁴
728 4527 795 4579 Cum
813 4528 865 4578 hoe
885 4542 996 4577 carmen
1014 4531 1229 4590 retractaretur,
1248 4524 1305 4577 sliu
1324 4539 1403 4590 quum
1423 4524 1469 4588 qui

175 4613 255 4664 huius
272 4628 370 4665 versus
388 4619 432 4665 est
449 4627 532 4664 sensu
552 4613 662 4674 Gallus,
680 4613 850 4665 Franciseus
867 4614 897 4676 L,
918 4611 1032 4663 remulus
1051 4611 1160 4678 imperii
1180 4611 1241 4660 luit.
1307 4608 1470 4659 115Ειιιιιίιιε

175 4702 202 4748 2.
256 4697 289 4731 ¹¹⁸
306 4696 361 4764 tit}
386 4700 519 4764 imprimis
538 4699 652 4766 Imperii
669 4699 978 4753 Romano-Germanici.
1001 4698 1080 4748 Nune
1099 4710 1161 4746 sese
1181 4696 1283 4761 eripuit
1302 4711 1336 4746 ee
1355 4695 1470 4744 subesse

175 4788 303 4846 recuset,
323 4799 348 4848 q.
363 4784 389 4834 b.
404 4785 424 4835 f.
439 4785 459 4834 l.
474 4785 491 4837 l.
505 4785 550 4834 sit.

236 4868 367 4920 Hrrrrur
382 4869 449 4920 Orr.
463 4884 526 4920 vor..
541 4869 592 4920 111.
1207 4863 1248 4926 22
