3294 5408
173 382 249 453 416
403 411 432 447 rs
447 411 614 449 rsrrurnvrs
624 411 780 449 ssvcnnrsr
793 412 937 448 encouros
949 412 1124 450 snsvnussrr
1137 414 1261 451 suntsi.

174 567 209 618 de
228 566 370 618 celebrato
390 567 531 618 ‘Encomio
544 566 710 630 Reuchlini',
730 568 758 617 in
777 567 1000 633 perturbationes
1019 583 1182 635 erroresque
1203 568 1273 621 illos
1294 567 1433 622 inductus
1450 571 1487 621 ri·

174 652 262 703 detur.
279 651 357 703 illam
369 650 593 702 Murmelliauam
613 651 731 703 ‘laudem
749 652 784 703 de
796 652 958 703 Renchlino’
977 653 1106 717 inveniri,
1125 669 1282 720 numquam
1304 661 1403 706 sutem
1416 657 1484 707 hinr-

174 736 296 788 meilium
313 736 458 803 Triumphi
476 741 617 788 auctorem
635 736 747 803 probsri
765 752 846 802 posse
864 737 918 787 nisi
937 737 962 787 ei
981 738 1028 803 qni
1045 752 1143 788 ussum
1161 754 1220 790 non
1239 739 1335 791 hehet
1351 746 1430 808 puto.

240 822 396 873 Eleutherii
414 822 520 886 Byzeni
544 822 573 873 in
597 823 750 873 encomium
775 821 955 887 triumphanti
974 822 1114 889 Cepnioni
1137 821 1330 876 recensetum
1355 827 1392 876 ad
1410 827 1482 893 prin·

174 907 263 974 eipem
286 904 353 973 [sic]
372 922 405 957 sc
429 906 559 973 populum
577 907 776 959 Germanorum
793 906 1000 973 praefationem,
1024 908 1140 958 carmini
1158 916 1354 975 praeeuntem,
1374 915 1405 961 et
1423 926 1482 977 qun

174 989 264 1042 ‘sutor
282 990 467 1058 theologistis'
485 992 514 1042 in
531 991 585 1042 fine
603 991 668 1042 libri
686 992 860 1042 conminstus
874 997 925 1056 est,
943 1007 1027 1058 snprs
1045 992 1480 1061 (v01.1.n.011.p.·tto...tss.)

175 1076 355 1128 exhibuimus.
380 1077 409 1127 in
428 1075 528 1142 quibus
545 1077 686 1143 partibus,
709 1082 771 1143 post
793 1093 828 1128 es
849 1092 910 1142 quae
932 1092 1016 1144 supra
1034 1077 1177 1144 disputate
1200 1085 1282 1143 sunt,
1308 1096 1394 1131 nemo
1412 1081 1479 1131 Hut-

174 1161 232 1212 teni
251 1163 421 1228 epigramma
439 1160 641 1231 extemporale,
661 1161 694 1211 de
714 1177 766 1226 quo
784 1162 926 1213 Mutisnns
944 1161 980 1212 sd
998 1163 1150 1214 Henricum
1167 1164 1319 1216 Urbanum
1339 1171 1370 1216 et
1387 1165 1476 1217 ths·

173 1260 238 1296 unm
254 1246 375 1298 Hessum
392 1247 505 1314 scripsit
522 1244 817 1312 (vot.1.n.xvn11.)‚
837 1261 867 1299 se
886 1247 1027 1316 possidere
1045 1249 1217 1315 opinabitur.

673 1453 976 1464 ι--ι--ο--ι--αιι

681 1674 719 1726 ru
742 1674 964 1726 numuruvu

345 1772 558 1852 IOANNIS
585 1774 857 1854 REVOHLIN
882 1801 993 1853 snus
1019 1775 1303 1855 OAPNIONIS

402 1913 453 1963 EX
470 1912 643 1964 Duvlcrls
661 1914 932 1967 THEOLOGISTIS
951 1915 1246 1969 COLONIENSIBVS

438 2014 486 2065 ΕΤ
502 2015 805 2069 PRAEDIGATORVM
824 2017 974 2068 ORDINIS
992 2017 1198 2069 FRATRIBVS

719 2122 927 2181 uucourou
1025 2121 1027 2125 ’

547 2237 886 2316 ELEVTHERII-
901 2238 1093 2316 BYZENI

753 2381 882 2425 molrl'r.

375 2492 459 2554 Dicat
480 2493 525 2565 io,
548 2495 573 2555 si
595 2512 627 2557 se
648 2499 728 2560 novit
750 2497 922 2568 Germania,
945 2498 1022 2559 dicat

375 2594 577 2676 virtutemque
599 2615 682 2659 suam
705 2599 800 2678 dignis
822 2598 1014 2660 concentibus
1036 2605 1145 2677 aequct:

375 2695 453 2762 Ecce
475 2699 707 2779 triumphantem
730 2701 843 2763 excisos
866 2701 1015 2779 Gapuiona
1038 2699 1185 2778 sophistas

375 2798 412 2860 Et
433 2798 594 2864 debellatos
616 2803 724 2882 recipit
745 2821 798 2864 sua
820 2804 914 2883 patria
937 2805 1059 2871 iratres;

350 2902 438 2963 sNec
460 2910 558 2965 umen
580 2922 639 2965 una
662 2907 754 2983 capit,
778 2914 885 2985 quauta
908 2912 966 2976 est,
990 2905 1162 2974 Germania,
1186 2909 1304 2981 partem

375 3003 463 3065 Plena
486 3006 540 3067 viri
561 3005 657 3069 desert
678 3015 708 3068 et
729 3006 766 3068 ab
789 3006 847 3068 hoc
868 3006 1027 3086 splendore
1048 3006 1177 3075 nitescit,

374 3104 493 3186 Integer
514 3106 562 3169 ille
584 3116 682 3169 tamen
704 3110 807 3188 patriae
829 3107 921 3171 redit:
943 3108 1038 3170 abiise
1060 3125 1162 3177 curas,

374 3206 465 3286 Siqua
486 3207 540 3271 tihi
562 3207 633 3272 belli
655 3217 714 3282 est,
737 3211 799 3273 sire
821 3210 955 3282 esttibi,
978 3211 1109 3281 Phoros,
1132 3209 1271 3288 gerendae
1349 3208 1473 3296 tw

351 3394 394 3445 De
414 3397 484 3446 1...s.
496 3394 560 3446 vide
578 3396 666 3448 Iudic.
680 3397 809 3464 bibliogr.
822 3400 938 3450 Hutten.
951 3413 1025 3449 unm.
1038 3398 1112 3448 XVI.
1125 3413 1152 3464 p.
1166 3393 1228 3449 20⁴².
1242 3411 1286 3462 sq.

238 3588 293 3640 Pro
310 3593 408 3641 nominc
425 3589 581 3641 Eleutherii
598 3590 703 3656 Byseai
721 3589 831 3655 (Bineni
850 3589 889 3655 2.)
908 3595 933 3641 tn
952 3593 979 3642 3.
999 3597 1038 3642 est
1055 3588 1161 3641 Vlrichi
1180 3588 1216 3639 ab
1227 3588 1295 3644 Hut.
1308 3588 1363 3654 Eq.
1377 3587 1468 3639 Germ.

171 3670 214 3723 Gt.
229 3673 284 3726 vol.
296 3675 318 3727 1.
332 3694 359 3743 p.
371 3673 430 3728 136.
445 3676 537 3727 adnot.
552 3675 588 3726 sd
605 3690 632 3726 r.
646 3678 672 3726 3.
713 3675 816 3727 Zenob.
830 3691 943 3742 psroem.
963 3677 1031 3742 epit.
1043 3675 1080 3726 11.
1093 3672 1135 3726 63.
1165 3671 1296 3740 „Betim
1308 3667 1468 3740 ααόὅηαία.

171 3746 218 3809 ἐπὶ
236 3757 292 3812 τῶν
310 3752 423 3827 σφόδρα
440 3753 743 3826 πεπαρρηαασμένων.
761 3751 818 3812 ἀπὸ
831 3758 953 3824 Basileon
965 3759 1016 3812 τοῦ
1029 3756 1209 3819 Ποσειδῶνος
1221 3753 1294 3826 pessi
1306 3758 1469 3824 παρρησίας

169 3832 217 3895 αἐ1
230 3840 461 3912 διαλεγομένου”.
480 3846 589 3911 Byrrius
601 3843 716 3896 dicendi
728 3846 854 3908 libertas,
873 3845 907 3896 de
920 3846 956 3896 iis
969 3846 1016 3911 qui
1027 3844 1115 3895 libere
1134 3848 1163 3894 et
1175 3844 1295 3910 ingenue
1308 3843 1468 3909 loquuntur,

171 3944 188 3977 s
205 3928 311 3992 Byzino
328 3931 449 3996 Neptuni
468 3931 533 3983 filio.
557 3928 623 3996 [Pro
641 3927 763 3994 Basileon
781 3931 922 3983 Huttenus
939 3936 1017 3982 recte
1035 3934 1102 3997 puto
1119 3919 1249 3996 Βαζήνου
1266 3927 1374 3994 legisse
1393 3927 1469 3980 vide·

169 4018 226 4077 tur,
250 4015 292 4065 its
314 4020 345 4066 ut
362 4031 461 4067 nomen
484 4016 557 4068 idem
576 4032 610 4067 sc
628 4017 775 4082 Byzsntis‚
795 4007 951 4080 Βύζαντος,
971 4013 1027 4082 sit]
1097 4015 1131 4066 In
1150 4015 1243 4065 ulrice
1260 4015 1397 4080 inscriptio
1415 4019 1468 4062 est:

169 4099 202 4148 lu
225 4098 403 4166 Triumphum
426 4102 540 4153 Ioannis
562 4101 714 4162 Reuchlin,
747 4101 818 4153 alies
841 4101 1003 4167 Cepnionis.
1079 4098 1088 4132 ¹
1113 4098 1157 4150 Gt'.
1171 4098 1309 4150 ovium.
1323 4096 1431 4148 sm.11.
1447 4096 1468 4147 1.

169 4184 284 4246 „Dicite
310 4184 463 4237 ‘10Paean‘
486 4192 516 4238 et
534 4187 581 4238 ‘Io'
599 4187 643 4238 bis
667 4187 751 4237 dicite
772 4185 885 4238 ‘Paesn’.
921 4185 1098 4237 Germaniam
1119 4183 1232 4236 tandem
1255 4198 1317 4236 sese
1341 4198 1468 4246 noscere,

169 4283 346 4335 cognoscere,
367 4287 532 4339 agnoscere,
552 4271 646 4324 oculos
665 4273 791 4338 recipere
809 4270 910 4323 debere
929 4277 958 4323 et
975 4270 1078 4322 similis
1096 4271 1246 4320 innumeris
1263 4267 1336 4320 loeis
1355 4273 1468 4319 mouent

167 4352 308 4407 Hnttenus
330 4361 359 4407 et
375 4357 495 4411 sodales.
565 4356 744 4409 ‘Germania
762 4360 787 4408 t.
858 4353 977 4424 partem]
995 4355 1121 4407 Phorcen
1140 4358 1165 4406 2.
1172 4358 1197 4406 θ.
1222 4353 1265 4405 Cf.
1279 4351 1418 4420 deplorat.
1439 4353 1467 4402 in

167 4437 227 4489 Ios.
239 4438 360 4491 Hutteni
377 4443 518 4495 interitum
531 4459 558 4496 r.
567 4440 642 4508 ltu,
662 4444 729 4494 item
747 4441 861 4494 Exhort.
881 4441 916 4492 sd
933 4440 1108 4495 Maximis.
1124 4439 1181 4490 171.
1196 4438 1263 4490 edit.
1276 4440 1299 4490 1.
1313 4444 1343 4490 et
1361 4437 1418 4491 rol.
1430 4438 1466 4490 11.

167 4538 194 4589 p.
207 4522 250 4575 40.
263 4541 290 4576 v.
304 4525 329 4575 7.
347 4532 455 4593 purtem
473 4529 538 4592 viri,
557 4544 613 4580 non
631 4534 719 4581 totum
737 4525 813 4592 (nam
832 4529 856 4579 is
874 4527 960 4578 totius
978 4525 1096 4577 litterati
1115 4524 1191 4576 orbis
1210 4523 1264 4587 cst)
1283 4522 1429 4584 deterens,
1448 4524 1466 4573 1.

169 4624 193 4660 e.
205 4609 260 4660 sibi
278 4624 407 4672 sensns,
427 4611 578 4665 Germania
594 4629 658 4666 sese
677 4612 779 4680 explet,
800 4614 818 4664 i.
832 4629 856 4663 e.
871 4613 940 4662 setis
958 4611 1045 4661 hahet
1063 4626 1115 4677 qno
1134 4610 1242 4661 truatur
1259 4609 1321 4662 eius
1339 4609 1467 4677 exemplo

169 4699 197 4744 et
215 4694 340 4746 doctrins
359 4701 441 4762 atque
460 4694 550 4764 glorie
567 4697 653 4750 telem
670 4700 760 4750 virum
777 4697 915 4764 genuisse.
961 4693 1107 4763 'Integerl
1119 4696 1216 4748 Victor
1233 4693 1320 4761 rodit,
1339 4711 1397 4747 non
1415 4695 1468 4747 dis·

171 4783 283 4849 carptus
296 4781 331 4831 sb
345 4781 471 4832 hostibus
483 4781 668 4849 theologistis.
721 4781 732 4815 ⁸
750 4783 881 4834 Lemnis
890 4783 1051 4848 scorpiacus
1069 4785 1138 4833 uuita
1155 4781 1249 4831 tabens
1262 4783 1289 4831 t.
1298 4783 1323 4833 7.
