3294 5408
147 400 242 437 imm
255 403 300 438 111.
319 402 355 438 u>
366 403 524 440 notrum
538 403 605 441 8708
616 405 751 441 BOSTOCB.
788 406 892 442 unum
905 407 963 441 1111.
982 408 1018 443 An
1031 407 1181 445 annorvm
1194 409 1316 444 imiimi.
1377 381 1420 451 5¹

340 557 400 621 Nec
422 557 499 639 legat
521 561 550 620 in
573 560 656 622 robis
678 564 855 624 crescenteis
878 562 996 625 Loesius
1018 582 1125 634 annos,

289 680 316 722 ao
422 661 526 724 Utilius
540 664 644 725 studiis
666 663 786 726 consule
809 667 933 744 quisque
955 667 1022 728 tuis.

640 853 793 929 [Elauia
820 853 924 930 HILJ

564 971 613 1021 AD
631 971 831 1023 EGBERTVM
848 974 1003 1025 HARLEM

511 1075 671 1118 nosrrrnu
687 1079 768 1120 svvu
783 1077 1052 1121 nosrocnmnsnn.

343 1190 433 1252 Ardet
454 1192 484 1251 in
506 1191 689 1271 Eglterthnm
712 1195 806 1258 calido
828 1213 894 1256 mea
915 1195 996 1255 Musa
1019 1196 1133 1266 farore,

425 1293 510 1356 Hunc
532 1295 627 1356 seium
650 1305 716 1357 ante
739 1296 840 1357 oculos
862 1300 944 1375 ponit
965 1297 1112 1378 habetque
1134 1299 1245 1359 tirum:

342 1394 384 1456 Ex
408 1399 513 1458 merito
535 1401 613 1459 venit.
635 1399 730 1460 omnis
752 1418 849 1460 amor:
874 1402 1018 1461 meruisse
1041 1401 1182 1461 fatemur:

302 1516 315 1557 a
423 1499 459 1560 Et
480 1499 565 1561 decet
586 1508 707 1580 accepto
730 1501 855 1563 reddere
878 1520 1025 1581 quemque
1047 1502 1135 1564 bono.

328 1600 425 1672 'Quod
442 1610 525 1680 pater
541 1609 585 1663 est
599 1603 685 1671 mihi,
703 1604 938 1703 qnoquenitrix,
955 1604 1033 1683 qued
1050 1604 1134 1665 turba
1150 1623 1300 1674 sororum,

427 1703 462 1764 Et
484 1711 625 1783 quantum
648 1707 676 1766 in
700 1705 786 1766 nobis
808 1707 897 1767 irater
919 1708 1029 1768 amoris
1051 1707 1155 1775 habet,

342 1803 470 1884 Deposui
491 1814 605 1874 tecum
629 1807 681 1868 tibi
702 1826 750 1869 me
772 1811 895 1887 votique
917 1807 1058 1888 dedique;

302 1926 316 1967 e
423 1906 567 1987 Quicquid
590 1928 672 1979 areo,
696 1911 733 1971 de
755 1929 802 1971 mc
825 1929 943 1972 sumere
965 1913 1029 1972 iure
1052 1919 1151 1990 potes:

342 2009 486 2089 Praecipe,
510 2030 577 2072 mox
600 2031 655 2091 pro
677 2019 707 2075 te
728 2014 841 2074 medios
863 2014 1033 2093 proficiscar
1055 2015 1084 2073 in
1107 2013 1222 2075 hostes:
1310 2010 1429 2098 iffi&

427 2109 498 2181 Quae
520 2123 619 2192 posset
640 2123 755 2176 nostras
778 2117 861 2193 copia
884 2115 963 2175 ferre
985 2116 1106 2176 manus?

342 2214 487 2294 Praecipe,
512 2216 556 2277 rel
579 2217 687 2277 doctus
709 2217 753 2278 vei
777 2236 842 2278 earn
864 2220 1027 2279 moriturus
1049 2219 1078 2277 in
1101 2219 1197 2297 ignes;

292 2336 317 2376 ra
424 2316 508 2378 Nullo
531 2337 613 2379 mora
637 2326 696 2379 est:
719 2338 774 2397 pro
796 2328 825 2379 te
848 2328 951 2381 cuncta
975 2319 1075 2380 subire
1098 2318 1178 2380 tibet.

341 2416 405 2479 Non
429 2428 526 2479 tamen
548 2422 601 2482 ista
625 2420 725 2489 iubes,
749 2421 851 2482 saitem
874 2441 1036 2483 memorem
1061 2440 1125 2482 esse
1147 2421 1289 2502 placebit:

426 2521 537 2582 Forsan
560 2531 589 2583 et
610 2523 673 2584 hee
695 2526 788 2604 pietas
809 2518 917 2585 sufficit
938 2543 997 2586 una
1018 2524 1081 2585 tibi.

343 2622 416 2685 [ium
440 2627 499 2686 ruit
520 2625 659 2687 occiduas
682 2626 847 2688 Genderros
870 2626 992 2688 Rhenus
1014 2628 1043 2687 in
1065 2627 1173 2695 undas,
1230 2603 1256 2651 ⁴
1282 2683 1285 2687 .

291 2745 317 2784 re
424 2719 497 2790 Dum
521 2731 593 2807 petit
614 2728 742 2790 Euxinas
764 2729 903 2790 Ponticus
925 2729 999 2791 ister
1021 2747 1128 2808 aquas,
1252 2706 1257 2719 ⁴

343 2829 417 2890 oum
439 2826 521 2891 mere
542 2838 585 2890 tot
606 2838 715 2899 terras,
740 2831 808 2893 dorm
833 2832 939 2892 coelum
962 2832 1066 2891 circuit
1088 2831 1195 2899 undas,

426 2933 549 3011 Semper
572 2935 630 2995 eris
652 2936 742 2994 menti
765 2936 860 3012 portio
884 2935 939 2994 dda
963 2952 1045 2993 meae.

343 3035 467 3114 Contigit
488 3035 547 3096 huc
569 3035 680 3097 nudum
703 3038 817 3097 amissis
839 3036 985 3096 divertere
1007 3034 1111 3100 roboc.
1337 3017 1430 3120 ξξζξξξξ·

291 3160 317 3200 ao
424 3139 572 3209 Quartana
595 3156 730 3217 pressum
752 3138 872 3199 vulnere
895 3138 993 3199 hiante
1015 3137 1106 3198 febri:

343 3241 472 3321 Suscipis
493 3239 530 3300 ah
554 3243 694 3302 miserum
717 3243 848 3320 rotisque
870 3241 997 3301 accersis
1019 3247 1169 3316 egentem:

426 3343 470 3403 oii
492 3343 617 3403 reddant
638 3345 742 3404 anime
764 3361 887 3403 mernere
910 3348 989 3402 tanta
1012 3342 1083 3402 tue!

341 3443 421 3505 Pone
442 3443 521 3505 leves
542 3445 632 3521 igitur
654 3445 755 3506 laudes
777 3443 976 3521 blandumque
999 3442 1147 3510 laborem,

290 3567 316 3607 aa
425 3547 531 3608 liosinc
553 3546 592 3607 nii
616 3550 735 3627 meritos
757 3546 877 3615 tollere,
901 3546 998 3615 Musa,
1022 3545 1115 3605 viros:

341 3647 429 3709 Totos
450 3651 505 3709 iste
527 3656 593 3709 toas
614 3652 721 3711 meruit
742 3667 797 3727 pro
820 3656 952 3727 tempore
975 3649 1064 3717 vires,

425 3751 482 3813 iste
504 3752 579 3812 ieret
600 3753 624 3811 si
646 3752 715 3829 quid
739 3770 858 3812 carmon
880 3752 1001 3812 honoris
1023 3749 1120 3810 habet.

342 3852 501 3915 Oiacdem
524 3855 632 3932 pietate
654 3855 762 3923 virum,
786 3853 825 3913 nil
849 3861 946 3915 mente
969 3851 1147 3931 superbum,

290 3976 315 4017 ec
424 3954 449 4016 0
471 3974 589 4035 semper
611 3954 690 4016 laudi
712 3957 801 4017 corda
825 3973 926 4016 severe
949 3955 1024 4015 suae!

340 4058 383 4121 Te
405 4076 489 4119 meus
510 4058 646 4127 offendit,
670 4059 806 4137 qnoniam
830 4060 859 4118 in
883 4076 929 4118 me
952 4056 1071 4119 Lossius
1092 4054 1192 4121 ardet.
1253 4090 1258 4095 -

425 4160 469 4221 Tu
492 4162 620 4240 primum
643 4178 790 4220 aerrrmnas
812 4160 1021 4220 commiserare
1045 4175 1141 4217 nreas:

147 4254 343 4291 N...-

203 4347 227 4383 ¹⁸
245 4347 332 4416 leget]
350 4345 495 4414 coqnoorat.
559 4345 656 4414 cresc]
674 4355 785 4399 teneros.
804 4350 822 4395 i.
835 4363 857 4396 e.
876 4353 903 4395 ut
918 4354 995 4411 puto,
1020 4345 1114 4408 efficite
1137 4349 1164 4393 ot
1181 4342 1273 4394 Luccio
1295 4343 1355 4401 oiri,
1379 4357 1429 4394 non

147 4426 224 4495 Ἢ,
248 4435 389 4486 eidemin.
425 4434 511 4484 Aiiter
546 4437 572 4482 2.
596 4435 639 4499 qni
658 4449 708 4496 pro
733 4447 819 4483 unitos
839 4432 903 4494 sort.
935 4431 1065 4496 tegendum
1088 4443 1144 4479 esce
1167 4429 1224 4478 ires
1248 4428 1428 4478 coniectovit.

202 4518 356 4586 bitumini.
374 4521 398 4569 1.
421 4519 464 4568 De
488 4518 541 4569 hoc
570 4519 691 4579 Beberto
714 4517 889 4569 Heriemensi
918 4516 955 4566 ei.
975 4512 1159 4565 tetrastichon
1177 4510 1218 4561 11.
1238 4510 1291 4562 vol.
1306 4513 1327 4560 1.
1347 4528 1373 4576 p.
1389 4511 1428 4560 12.

147 4586 194 4677 ’ὃ
213 4612 273 4656 ωε
288 4604 350 4658 {tet
369 4605 396 4654 in
414 4607 438 4654 1.
456 4605 586 4653 miniutori
607 4603 777 4653 adscribenda
794 4603 885 4652 relicta
908 4608 955 4650 ent.
1007 4600 1156 4649 Eebertum
1175 4600 1200 4646 2.
1208 4600 1234 4647 3.
1292 4595 1428 4660 ⁴ntrcrctn

151 4700 160 4716 ⁸
222 4688 321 4745 ‘M
385 4689 552 4754 'Quidquid
571 4692 627 4739 21.
687 4687 708 4721 ¹⁰
726 4686 785 4740 auc
805 4692 827 4738 1.
851 4683 970 4750 Siqnonr?
988 4684 1084 4734 addidi.
1138 4679 1159 4713 ¹⁴
1176 4685 1216 4746 [μί
1228 4684 1252 4731 1.
1308 4677 1430 4732 ”enimc

147 4750 166 4803 Ι·
218 4771 240 4806 ²⁹
257 4773 342 4844 mens]
361 4776 533 4826 moneamus.
587 4773 610 4807 ⁸⁰
628 4787 744 4826 crunnus
764 4776 786 4821 t.

1164 4853 1208 4915 4⁸
