3294 5408
177 127 189 198 1
200 126 249 199 26
279 158 401 196 nvrmr
411 158 946 198 111081.ΙΔΧΙΙΙΒΙΑΠῊΗΒΙ.ΠΙΙΙ
956 162 1082 199 7111108
1092 164 1485 223 ΡΒΟΙΙΩᾶΧΒΟῑΤΔΤΟΙΙζἾ

374 313 420 383 Si,
444 332 498 375 our
519 306 725 392 arma'gerns,
749 315 827 377 nulia
851 317 969 379 esttibi
991 318 1083 397 glorie
1107 322 1196 390 tanti,

336 437 362 478 or
455 419 493 481 Ut
513 425 615 480 tueare
636 425 733 481 tomen
755 417 847 482 libera
870 421 933 482 iura
956 429 1039 483 tuum
1062 429 1119 483 est:

374 517 422 579 Vis
443 518 529 581 tutos
551 518 657 589 urbes,
680 538 793 600 mogum
815 523 857 582 vis
880 524 984 583 moenia
1006 522 1110 584 Romus

457 619 557 681 Visere
580 628 610 682 et
630 623 660 682 in
682 626 773 685 veteri
796 643 860 703 qnae
883 631 931 685 tus
954 633 1022 685 sunt
1044 626 1143 693 Latio:

374 721 481 783 Contra
504 723 592 784 audet
613 721 741 785 Venetus
762 733 870 787 conatu
893 729 1041 789 exercitus
1064 731 1145 789 omni

336 842 361 883 so
455 824 590 886 Tendere
613 834 642 886 et
664 845 678 887 a
702 834 797 907 empto
819 836 848 890 te
870 829 1029 909 prohibere
1052 832 1112 899 vio:

374 925 454 986 idem
477 925 566 987 multo
590 925 642 988 tihi
666 930 763 1009 rapuit
784 938 961 1011 centumque
984 951 1038 1011 per
1060 949 1154 993 annos
1252 978 1254 983 -

458 1027 489 1088 in
512 1028 612 1107 spoliis
635 1029 736 1092 Veneti
758 1050 940 1095 consenuere
962 1035 1033 1103 tuis,

374 1130 429 1202 Qui
452 1136 480 1190 te
502 1137 606 1208 sponte
628 1149 680 1192 sua
704 1135 814 1212 petiere
837 1133 975 1216 nitroque
997 1135 1160 1206 iacessunt,

336 1252 361 1291 so
457 1230 512 1302 Qui
533 1231 602 1302 tibi,
626 1232 717 1295 muita
739 1242 790 1296 tuo
812 1237 862 1315 qui
883 1256 1010 1317 rapuere
1033 1241 1124 1317 petri,

373 1333 488 1410 Quique
510 1332 563 1394 tihi
585 1336 672 1413 primi
693 1334 805 1398 helium
826 1338 960 1400 indixere
981 1338 1127 1401 solentes:

459 1434 532 1505 Quid
556 1437 627 1496 sinis
649 1438 783 1517 impunes
805 1442 956 1502 exeruisse
978 1442 1101 1503 manus?

374 1537 465 1612 Posce
487 1546 567 1608 tuos,
590 1547 695 1600 coeant
715 1540 831 1620 populi,
855 1543 931 1604 ieret
952 1561 1033 1604 arma
1056 1544 1208 1615 iuventus,

336 1659 360 1700 or
455 1640 527 1713 Quos
548 1659 627 1703 nuno
649 1641 765 1704 insolito
787 1642 864 1705 iente
888 1646 986 1722 quiete
1008 1645 1104 1707 sedet!

504 1899 546 1940 m>
570 1866 799 1941 snsnsrssurvu
821 1901 1119 1953 mvrcrrssusvuove

428 2000 611 2058 uutttn'vtt
642 1978 947 2061 utititttttlt'vtt
978 2004 1196 2064 AVGVSTVM

566 2121 680 2169 BELLO
697 2122 733 2170 IN
749 2123 909 2171 VENETOS
924 2124 1067 2172 EVNTEM

523 2225 673 2289 vuulcl
696 2227 897 2300 HVTTENl
919 2228 1103 2302 EQvl'rts

648 2346 972 2398 EXHORTATIO.

374 2468 453 2523 Bello
468 2475 577 2539 paroni
595 2475 702 2541 pentes,
725 2476 776 2525 toto
795 2471 925 2526 violentos
945 2473 973 2526 in
996 2471 1061 2527 orde

455 2552 536 2609 Mors
554 2552 626 2626 furit
646 2562 672 2609 et
688 2569 782 2627 sepner
802 2557 873 2628 cepit
892 2557 920 2610 in
941 2573 1021 2612 ormo
1043 2557 1143 2619 ducere

372 2641 457 2694 Arma
474 2641 541 2695 viris
558 2640 675 2695 redeunt
690 2643 783 2712 ionpos
802 2642 905 2696 intorta
921 2655 978 2714 per
999 2659 1103 2710 annos,

347 2742 358 2780 r
455 2723 581 2781 Horrida
605 2723 742 2781 Germarm
765 2724 864 2781 Palios
884 2727 912 2781 in
935 2725 1000 2782 orbe
1018 2726 1122 2800 fremit.

372 2809 466 2882 Rupta
487 2811 564 2883 quies
579 2810 708 2882 populis,
728 2812 835 2866 animos
852 2810 936 2884 serus
957 2815 1060 2868 excitat
1080 2813 1198 2884 norror,

457 2894 584 2969 Omnibus
604 2902 646 2951 est
665 2895 721 2950 diri
740 2898 883 2968 sanquine
904 2913 960 2952 ono
977 2899 1044 2953 sitis.

371 2979 513 3037 Contrahi!
532 2979 583 3036 ios
603 2987 690 3036 motus
705 2983 855 3056 pontisque
877 2985 998 3056 resurpit
1018 2984 1046 3038 irs
1066 2986 1153 3040 ormr's

344 3083 357 3123 s
444 3064 483 3121 Et
501 3064 696 3122 perticensem
716 3063 917 3123 Mummiiionus
937 3067 1028 3124 iudet.

370 3149 444 3208 Huic
472 3152 599 3208 Veretum
614 3166 765 3223 proceres,
786 3155 813 3208 si
834 3169 888 3209 non
907 3168 950 3209 me
968 3152 1048 3226 soma
1067 3152 1182 3229 fefellit,

453 3237 553 3294 iniusti
572 3237 701 3293 ardentes
720 3252 875 3309 opposuere
893 3241 1009 3301 animos.

370 3319 420 3390 Qui
444 3332 468 3378 te
485 3324 513 3377 in
536 3320 607 3377 betia
627 3329 739 3387 oocont,
760 3325 810 3394 qui
827 3338 899 3379 soero
921 3324 1014 3380 Morte
1035 3333 1193 3389 morantur,
1407 3343 1442 3391 iss

334 3418 359 3463 rt
454 3406 522 3476 Quid
545 3406 612 3463 sinis
636 3407 758 3480 effrenes
779 3407 916 3465 exeruisse
939 3411 1052 3466 monus?

369 3493 452 3549 Posce
477 3501 552 3555 tuos.
571 3500 648 3564 pete,
671 3493 780 3558 Ooesar.
803 3509 896 3567 opem,
920 3495 991 3552 ieret
1012 3512 1085 3552 arms
1108 3496 1251 3557 iuventus.

452 3575 516 3645 Qum
538 3595 609 3635 nune
630 3580 730 3652 s'poow
751 3586 792 3635 est
808 3579 887 3652 focio
907 3581 999 3656 quiete
1018 3583 1129 3653 prors's3
1407 3582 1482 3644 tul

235 3745 257 3779 ⁵³
276 3745 390 3807 Caessri,
402 3751 470 3795 'oum
489 3761 514 3795 s.
530 3742 603 3795 1507.
617 3749 733 3795 exeunte
752 3744 787 3796 ad
805 3761 932 3797 coronam
951 3746 1043 3797 Romse
1068 3745 1260 3813 accipiendam
1279 3762 1297 3797 s
1316 3748 1473 3798 Veronen‘

167 3833 242 3884 sibus
260 3848 290 3882 so
310 3848 370 3882 eum
388 3828 455 3879 4000
474 3829 612 3895 equitibus
631 3829 717 3897 recipi
736 3830 917 3896 postulasset,
941 3830 1041 3882 Veneti
1063 3829 1263 3898 responderunt
1286 3834 1405 3883 maximo
1422 3838 1463 3881 se

168 3934 228 3969 eum
247 3932 308 3968 eum
326 3917 426 3967 honore
445 3921 604 3982 recepturos
623 3930 697 3978 esse,
717 3916 742 3966 si
758 3914 835 3966 nulls
853 3912 911 3967 slis
928 3917 1037 3967 ratione
1055 3932 1136 3982 quem
1155 3931 1263 3967 eorunm
1283 3916 1455 3983 reeipiends'

168 4019 253 4054 esusa
270 4003 390 4064 venirem
415 4001 498 4051 eiiam
522 4004 614 4050 sutem
638 4001 697 4050 eius
719 4005 836 4051 mentem
861 4017 921 4052 esso
945 4017 1006 4053 sese
1029 4002 1178 4068 suspicari,
1204 4017 1264 4052 eum
1291 4008 1453 4069 sppsrstum

167 4088 296 4141 beiiieum
320 4087 355 4138 sd
377 4086 552 4138 Lombsrdiae
576 4084 644 4136 fines
667 4085 835 4138 adduxisset.
860 4087 1081 4138 Gutceiard.V11.
1100 4086 1188 4137 Bemd.
1202 4087 1264 4137 VIL
1283 4104 1301 4139 a
1319 4089 1375 4139 iiso
1392 4085 1446 4137 xm

166 4174 271 4225 Eodem
288 4173 363 4224 inira
380 4171 497 4223 redeunt
514 4187 539 4221 v.
553 4170 613 4221 2⁴1.
626 4187 666 4237 sq.
679 4170 737 4223 735.
751 4186 792 4236 sq.
849 4169 871 4202 θ’
888 4171 1049 4222 Tridentum
1067 4176 1184 4246 venerut
1199 4172 1409 4224 Muimilisnus
1425 4171 1445 4221 d.
1464 4218 1470 4231 ,

166 4257 191 4309 3.
203 4260 285 4310 Febr.
299 4276 325 4310 s.
340 4256 414 4308 1508.
467 4255 489 4289 ⁵²
506 4256 594 4307 Bellis
612 4271 673 4306 eum
691 4255 864 4321 sigismundo
884 4257 948 4323 imp.
963 4273 988 4308 s.
1004 4255 1077 4308 1408.
1093 4255 1167 4307 1410.
1180 4255 1299 4321 aliisque
1318 4259 1447 4309 recentio-

165 4343 240 4393 ribus
259 4345 287 4393 in
304 4342 472 4395 Lombsrdie
490 4341 625 4401 feliciter,
645 4342 776 4407 imprimis
795 4346 887 4392 sutem
906 4358 931 4392 s.
947 4339 1094 4393 truncum
1112 4341 1289 4408 sigismundo
1308 4344 1379 4395 duee
1397 4343 1448 4393 ids-

165 4427 301 4479 ximiiisni
320 4427 454 4479 sirmeulo
473 4443 498 4476 s.
514 4425 586 4477 1480.
599 4428 694 4493 gestis.
747 4427 769 4459 ⁸⁰
786 4425 870 4493 putri]
885 4427 1026 4477 Friderico
1038 4427 1089 4478 111.
1104 4443 1130 4477 s.
1144 4425 1305 4480 14401447.
1321 4428 1396 4480 1440.
1406 4436 1449 4479 etr.

234 4511 254 4545 ¹³
271 4512 356 4563 Posce
376 4518 399 4564 1.
