3294 5408
487 392 612 430 nvrrtttti
624 393 661 430 D}
674 392 747 430 ARTE
760 393 999 431 vauutrtctnottta
1012 392 1106 430 ntulit.
1410 362 1459 436 99

285 567 324 611 rar
338 548 452 611 Mau
472 545 607 628 exemplo
629 556 690 619 est,
712 551 838 625 quoedui
858 556 901 619 et,
924 546 1033 623 lector,
1055 550 1164 610 amovi.

340 651 367 712 tt
387 649 491 729 Longa
511 653 597 713 veron
618 658 734 729 umque
756 651 912 720 ilaciunt,
935 650 978 712 sic
1000 651 1081 712 terte
1102 652 1233 712 vetemur.
1391 649 1463 731 lum

340 750 453 813 Passim
475 750 545 813 alibi
560 751 664 841 ‘brevis
687 759 732 814 est
753 754 913 814 crementis
934 753 988 813 ista
1010 751 1157 813 secundis.
1270 759 1279 773 ‘
1343 780 1346 789 ·

339 852 370 915 0
391 871 510 932 semper
531 851 653 930 longum
676 861 735 923 est,
758 853 856 916 brevis
879 872 907 923 u¹
919 852 1121 915 crescentibus
1142 858 1226 914 astat
1381 854 1427 935 {ro
1441 872 1464 915 n

340 952 500 1016 nomam
516 960 549 1017 ut
570 954 666 1025 dicas,
688 960 803 1031 lepr'tote
825 963 854 1017 et
875 955 941 1017 talia
965 961 1081 1016 cuneta.

289 1056 367 1117 ruti
388 1054 495 1120 Ultima
517 1056 675 1118 dicendum
697 1064 743 1119 est
764 1063 871 1137 quanta
895 1062 974 1118 extet
994 1054 1104 1137 syllaba
1128 1055 1192 1117 voci
1350 1053 1462 1142 giptllffl

343 1155 481 1219 Cuilibet:
504 1158 534 1219 in
556 1159 660 1238 primis
681 1157 845 1238 mediisque
868 1156 1013 1236 vagabere
1035 1158 1159 1236 passim:

341 1256 431 1320 blulta
452 1257 554 1337 legens
576 1258 655 1333 (nam
677 1261 745 1338 quis
766 1260 902 1322 diliusam
926 1260 1089 1337 comperiet
1110 1277 1174 1321 rem

341 1360 434 1440 inque
456 1378 546 1421 novas
567 1359 650 1440 leges
672 1362 785 1441 cogetl)
808 1360 922 1441 probus
943 1368 1030 1423 autor
1052 1361 1082 1420 in
1104 1359 1154 1420 illo

340 1461 448 1524 Sudari
468 1463 578 1525 frustm
600 1470 698 1542 putat:
721 1463 800 1524 band
824 1481 879 1542 ego
902 1479 1056 1524 murmure
1071 1461 1167 1539 longo
1214 1461 1217 1467 '

288 1580 326 1622 ros
340 1562 476 1625 Sustineo
497 1582 690 1644 quemquam
714 1563 811 1643 placet
833 1565 931 1625 omnia
953 1564 1052 1626 dicere
1074 1566 1177 1643 paucis
1276 1602 1279 1607 ·

341 1662 413 1736 Qun
434 1673 498 1728 rata
519 1667 579 1727 sint
600 1664 698 1727 rerbis
720 1672 751 1727 et
771 1672 800 1727 te
822 1664 965 1729 brevitate
987 1665 1102 1734 iuvare:
1144 1732 1147 1740 ,

341 1765 398 1839 Qui
419 1765 490 1828 velit
510 1766 575 1828 baec
596 1766 707 1829 scribat
728 1761 877 1847 longoque
898 1774 1019 1845 accepta
1040 1765 1142 1828 labore

342 1866 481 1947 Colligat,
505 1875 535 1931 et
555 1868 655 1931 multis
676 1867 788 1931 dociles
807 1867 995 1931 sermonibus
1016 1886 1105 1929 aures

340 1968 469 2042 turbet,
491 1969 543 2032 ubi
564 1979 662 2032 tamen
685 1970 762 2032 banc
784 1988 935 2051 nunquam
957 1971 1027 2033 satis
1049 1968 1175 2048 explicet
1196 1975 1299 2033 artem.
1361 2049 1364 2055 ¹

287 2071 367 2131 aonii
389 2070 549 2134 Ordinibus
571 2074 686 2134 cunetis
707 2073 851 2152 genitivus
872 2071 979 2151 longus
999 2070 1137 2133 habetur,
1224 2124 1230 2136 .
1311 2058 1347 2150 ,”
1399 2059 1457 2152 ’··,“,

340 2161 383 2251 js
404 2171 502 2235 brevis
524 2182 569 2237 est
590 2182 697 2245 ternae3
720 2173 868 2254 prolixum
890 2191 969 2253 pone
989 2173 1134 2244 dativum,
1195 2162 1200 2175 ’

341 2273 422 2336 Pone
443 2273 616 2346 ablativum
640 2277 692 2339 sed
715 2294 728 2336 t
750 2276 854 2338 tertius
876 2276 984 2355 exeipit
1005 2275 1088 2337 ordo.

340 2371 450 2436 Plurali
471 2384 573 2439 rectus
591 2396 718 2457 cumque
741 2384 899 2440 accusante
922 2373 1041 2439 vocator

340 2475 461 2555 Longus
483 2479 553 2549 erit,
577 2497 755 2560 quamquam
779 2486 823 2540 est
844 2480 959 2569 neutris
981 2476 1079 2541 brevis
1101 2478 1240 2540 omnibns
1260 2498 1341 2541 usus.

287 2596 326 2639 aot
340 2578 462 2640 Casibus
484 2581 509 2640 is
530 2580 652 2660 longum
675 2587 732 2651 est,
755 2581 807 2642 sed
830 2586 879 2642 tm
901 2580 992 2642 breve
1014 2598 1091 2659 pone
1113 2578 1238 2642 duobis.

340 2680 366 2739 ί
388 2680 473 2751 Quod
497 2681 589 2745 semel
611 2685 735 2762 exposui
757 2682 902 2761 generali,
926 2682 1064 2751 candide,
1088 2682 1183 2751 dicto,

339 2780 401 2843 lam
421 2784 491 2844 satis
513 2790 571 2853 est,
595 2782 705 2855 lector,
727 2801 823 2871 neque
845 2784 924 2846 enim
944 2801 999 2863 per
1019 2782 1105 2862 longa
1130 2783 1280 2846 morabor.

341 2883 366 2942 ί
388 2878 426 2955 (λ
447 2885 499 2945 lini
522 2884 642 2963 longum
666 2893 724 2955 est,
747 2884 799 2947 sed
822 2903 908 2947 casus
930 2886 1053 2964 corripit
1074 2884 1144 2946 illud
1413 2885 1461 2970 la.

339 2984 451 3048 Praoter
473 2986 631 3048 ablativum
653 2988 801 3067 Graioquc
823 3008 859 3049 ex
881 2987 1001 3048 nomine
1023 2988 1173 3066 quintum:

287 3104 326 3145 uo
344 3086 444 3158 Uarii,
467 3089 509 3149 itti
529 3086 575 3153 rel
596 3090 682 3165 quid,
705 3107 773 3150 cum
793 3089 930 3162 fnestra,
952 3089 1040 3165 putd,
1063 3089 1152 3150 mixta
1173 3087 1328 3165 leguntur;

340 3188 441 3267 Longa
464 3196 562 3252 tamen
585 3189 692 3260 crebro
711 3195 797 3266 piato
820 3191 1017 3252 communiter
1038 3192 1097 3252 exit

340 3288 397 3360 Qui
418 3290 482 3351 linit
503 3309 661 3361 numerus:
680 3291 775 3369 *luere
797 3293 1018 3369 quodrinpmtd
1040 3291 1184 3362 manebit,

340 3390 378 3452 Et
399 3393 522 3472 siquod
544 3391 638 3455 simile
661 3401 720 3455 est:
744 3397 831 3456 toties
852 3395 916 3455 baec
937 3392 1038 3472 regula
1062 3393 1141 3454 iallit.

340 3493 366 3553 il
388 3492 415 3554 C
436 3492 534 3555 brevis
555 3501 613 3564 est,
637 3495 747 3557 Graecis
769 3495 923 3557 muliebria
945 3494 1032 3574 longa
1056 3496 1200 3571 teruntur.
1432 3516 1456 3552 o.

286 3613 325 3654 au
337 3593 387 3669 Sic
408 3614 474 3674 quae
496 3615 511 3657 a
532 3598 614 3657 sinito
637 3598 757 3658 veniunt
777 3596 914 3658 adverbia
937 3614 1009 3658 casu

339 3695 485 3768 Deducta,
507 3705 540 3758 ut
554 3699 685 3776 pntclrrd
706 3698 855 3779 longoque
877 3718 890 3759 e
913 3697 1002 3761 verba
1024 3697 1179 3769 secundae,

340 3796 414 3859 Cum
435 3804 531 3875 quere·
551 3800 667 3878 produc
681 3801 840 3881 semique
859 3801 987 3880 sueque
1006 3800 1152 3880 someqrre

340 3898 377 3959 lit
398 3898 616 3980 monosyllaba3
638 3900 691 3963 sed
713 3902 753 3962 nd
772 3902 884 3972 brevis,
908 3902 978 3963 dum
1001 3909 1142 3963 connotat
1164 3899 1230 3971 ‘au'‚
1254 3900 1301 3969 lit:

162 4050 368 4063 -———-

233 4135 268 4170 ¹⁸⁵
283 4137 381 4204 quelitti
400 4141 424 4188 1.
490 4138 523 4171 ¹¹⁰
541 4139 614 4204 sian
633 4142 658 4189 1.
715 4136 737 4204 i]
757 4138 781 4190 do
798 4142 823 4213 ²:
883 4130 953 4190 ffel
973 4136 1038 4205 [jul]
1058 4139 1156 4189 addidi.
1215 4136 1247 4169 ¹⁸¹
1265 4137 1300 4191 iai
1319 4138 1412 4189 brevis
1430 4138 1461 4188 tit

161 4220 366 4273 secedentibus
384 4221 448 4272 eliis
465 4222 595 4287 syllabis,
618 4228 649 4273 ut
671 4226 848 4275 maeonium.
912 4223 944 4258 ¹⁶¹
962 4225 1134 4276 crescentius
1153 4224 1179 4272 2.
1237 4219 1270 4255 ¹¹⁰
1286 4228 1414 4276 tutulum
1435 4228 1459 4274 1.

162 4309 245 4357 extet
261 4308 288 4356 2.
340 4304 373 4339 ¹¹¹
390 4306 534 4374 angebero
552 4311 577 4361 2.
633 4306 665 4340 ¹¹⁸
683 4313 779 4358 auctor
796 4312 870 4361 219.
891 4309 989 4361 author
1007 4311 1032 4360 1.
1087 4305 1118 4339 ¹⁹⁵
1136 4307 1266 4356 omnint.
1319 4303 1352 4338 ¹⁰¹
1368 4309 1459 4371 ponit,

158 4395 242 4457 pani.
292 4388 328 4424 Ἰ
344 4396 443 4455 arcaea,
461 4393 573 4454 domno,
590 4393 691 4456 fructi.
710 4394 758 4443 sed
775 4392 852 4458 pond.
917 4393 1004 4458 exipit
1022 4395 1047 4441 2.
1112 4389 1146 4423 ¹⁰⁸
1164 4395 1280 4441 vocatur
1298 4392 1323 4440 1.
1381 4387 1416 4422 ¹⁰⁵
1434 4397 1462 4442 te

161 4474 253 4527 (butiri
271 4480 300 4525 et
317 4475 448 4539 ablativi,
466 4477 516 4527 red
531 4476 580 4528 otta
648 4475 681 4542 ie]
701 4479 730 4526 in
749 4481 789 4528 17.
857 4476 892 4510 ¹¹⁰
909 4478 991 4541 Uener
1009 4478 1033 4526 1.
1098 4472 1141 4540 ox]
1161 4490 1209 4525 eus
1229 4464 1270 4523 17.
1323 4473 1458 4540 quintum]

159 4561 310 4611 medianae
360 4558 528 4626 ¹¹⁰frnstrti,
548 4560 613 4626 pati
632 4565 657 4611 1.
709 4559 799 4625 mter
818 4563 841 4612 1.
892 4556 926 4593 ¹¹⁴
943 4561 1022 4624 erecte
1039 4564 1101 4625 1η
1152 4556 1286 4624 ²¹⁵quel.
1338 4558 1459 4609 finient.

160 4642 198 4677 ¹¹⁸
214 4643 310 4710 pulcre
328 4648 369 4696 11.
433 4645 531 4712 [rtuutr
549 4648 606 4695 1·.2.
663 4642 697 4677 ²¹¹
716 4645 829 4710 ircmcqt
848 4648 872 4694 1.
929 4643 963 4678 ¹¹⁸
981 4643 1147 4714 mancipiola
1164 4646 1187 4696 1.
1206 4650 1232 4693 et
1249 4649 1366 4709 quartum
1382 4644 1420 4693 sic
1435 4660 1459 4696 o.

162 4729 226 4781 m.
243 4735 395 4795 asemper.
446 4729 483 4796 [ir
499 4734 523 4781 1.
575 4730 613 4781 sit
630 4733 656 4780 2.
1410 4728 1423 4749 '

1183 4814 1232 4876 U
