3294 5408
297 387 419 423 aarum
433 387 469 422 AD
482 386 615 423 cmm
629 386 841 422 mutuamur!
854 386 1076 423 ”tumulavit
1089 387 1184 423 LIBR-

296 530 434 613 liuticis
458 529 489 602 δ’
513 538 679 621 ἰφθίμους
700 528 906 620 ψυχᾶςἍῑδι
928 539 1107 619 προΐαψεν.

383 645 465 706 Hauc
487 663 633 706 summam
657 642 751 704 laudis
773 644 913 721 praedicat
934 642 983 705 ille
1005 661 1075 705 aure.

213 825 276 887 142·
297 860 301 869 ·
558 831 608 881 DI}
628 829 730 880 IVLIO
749 829 917 881 ALLVSIO.

296 934 387 1011 luliua
403 958 447 1011 est
461 949 571 1011 llomae.
596 951 661 1029 quis
677 949 779 1011 abest?
802 949 885 1020 date,
908 951 1044 1023 numina,
1068 950 1210 1012 Brutum!

382 1052 455 1114 Nam
478 1053 594 1132 quoties
616 1051 783 1112 Romaest
805 1051 910 1123 lulius,
932 1050 980 1113 illa
1003 1053 1089 1131 perit.

210 1233 273 1294 118.
318 1240 367 1289 DE
387 1238 510 1289 GALLO
529 1238 577 1291 ΕΤ
597 1237 748 1289 crastiua
767 1237 902 1288 mantum
921 1238 1160 1290 PVGNATVRIS.

295 1360 383 1419 Arma
406 1377 460 1438 per
482 1357 638 1430 Insubres,
661 1356 814 1421 Gallorum
836 1357 921 1427 irinc,
945 1357 1069 1421 Caesaris
1091 1359 1160 1421 inde

379 1461 511 1521 llutuum
534 1462 564 1521 in
587 1462 706 1522 exitium
730 1467 813 1538 rapta
834 1467 988 1531 tenentur,
1011 1478 1112 1538 agroru

295 1562 448 1641 Utrimque
471 1570 532 1623 atra
558 1565 626 1624 viris
648 1562 746 1624 rabies
769 1570 798 1623 et
818 1563 968 1640 sauguinis
991 1562 1081 1624 ardor

269 1683 282 1723 a
381 1664 444 1726 Stat
465 1664 545 1726 ierro
569 1672 598 1725 el
620 1664 708 1725 dubia
732 1665 810 1725 cade
833 1665 922 1745 petita
945 1666 1038 1744 sequi.

294 1764 359 1825 Non
381 1764 478 1837 licuit,
501 1767 616 1846 superi,
641 1773 754 1827 tautum
776 1767 1053 1849 servarecruorisl

378 1871 423 1930 alu
446 1869 500 1928 nisi
524 1869 615 1930 cruda
639 1876 745 1945 parant
766 1866 887 1929 vulnera
910 1870 1017 1947 cuique
1039 1870 1144 1931 auuml

294 1967 330 2030 Et
352 1987 469 2030 cansam
492 1970 538 2031 lais
560 1969 674 2030 dederit
696 1976 764 2031 tuus
786 1968 834 2032 ille
858 1970 998 2041 vicarius,
1021 1975 1126 2042 armis,

268 2089 281 2131 a
381 2071 511 2141 Christe,
534 2080 677 2155 tuumque
700 2073 781 2132 omni
802 2072 908 2153 perdat
929 2071 1003 2149 ot’jle
1025 2073 1133 2135 modol

293 2171 338 2233 'Iu
361 2191 461 2245 casua,
486 2173 633 2245 Fortuna,
656 2174 750 2253 regis,
773 2181 802 2235 te
825 2175 921 2236 iudice
944 2181 1059 2236 certant

379 2273 531 2338 Gallorum
553 2276 622 2338 inde
644 2277 738 2346 acies,
762 2275 885 2336 Caesaris
907 2275 977 2336 hinc
999 2278 1087 2339 acies.

210 2456 274 2514 114.
566 2461 789 2512 DESCRIPTIO
808 2462 908 2513 IVLII.

294 2578 349 2650 Qui
373 2579 495 2661 chalybe
519 2588 548 2643 el
570 2581 651 2644 duris
674 2583 809 2642 amicitur
832 2581 923 2644 lulius
944 2585 1050 2655 armis,

377 2681 530 2745 Terribilia
551 2682 643 2744 barba
665 2682 864 2763 terribilisque
886 2702 985 2756 cuma,

294 2784 347 2845 Cui
371 2792 470 2844 torvos
493 2785 619 2847 horrore
642 2785 745 2847 oculos
766 2786 849 2847 frons
871 2785 980 2848 occulit
1001 2795 1100 2859 atrox,

268 2904 281 2944 4
380 2886 529 2949 Tartareae
551 2890 707 2966 ignescunt
728 2889 813 2948 euius
835 2889 865 2949 in
888 2907 940 2950 ore
961 2891 1062 2961 minae,

293 2985 360 3058 Ille,
384 2988 520 3066 inquam,
543 2988 646 3068 gladiis
669 2997 757 3068 atquc
780 2989 931 3051 occidente
954 2992 1072 3068 sagitta.

377 3089 414 3151 Et
436 3098 514 3151 terra
537 3091 654 3171 populis
677 3099 706 3152 et
727 3092 904 3152 metuendus
927 3093 1026 3170 aquia,

293 3190 348 3262 Oui
370 3191 504 3254 trucibus
526 3211 612 3271 reges
635 3200 783 3254 terrarum
806 3195 940 3255 innexuit
961 3195 1067 3264 armis,

266 3312 279 3353 a
379 3295 433 3367 Oui
458 3303 565 3356 tetrum
589 3296 683 3356 excito
705 3297 778 3357 serit
800 3298 828 3356 iu
852 3295 925 3357 orbe
947 3295 1081 3366 malum,-

293 3394 344 3457 llle
367 3404 411 3457 tut
432 3399 588 3458 exitiorum
611 3405 641 3460 et
663 3399 735 3459 tanti
757 3398 887 3459 criminis
910 3405 1010 3468 autur,

377 3498 443 3570 Quo
466 3517 498 3561 se
521 3518 589 3561 eum
613 3499 730 3580 populis
753 3502 928 3562 imminuere
951 3500 1057 3572 eluces,

292 3600 406 3679 Quique
429 3620 518 3663 manu
541 3604 650 3681 quique
673 3604 792 3682 iugenio
815 3602 879 3664 «lira
902 3604 999 3664 omnia
1023 3611 1135 3682 patrat,

256 3721 281 3762 ra
380 3702 472 3797 Nptus
495 3707 524 3765 in
549 3704 709 3765 humanum
732 3705 822 3785 pestis
844 3704 951 3767 acerba
974 3723 1083 3785 genua.

292 3804 382 3867 Cuius
405 3823 479 3883 opus
501 3824 583 3867 mors
605 3812 664 3877 cst,
687 3808 876 3885 turpissimus
899 3809 961 3868 ocia
983 3806 1084 3879 luxus,

376 3906 434 3978 Qui
455 3926 559 3987 pacem
582 3908 696 3969 cun'ctis
718 3908 855 3979 abstulit,
879 3927 960 3970 arma
983 3911 1079 3982 uenit,

290 4007 358 4080 Ille,
382 4010 516 4088 iuquam,
540 4009 606 4072 talis
629 4030 695 4072 cnm
719 4013 776 4072 vita
799 4019 829 4073 et
850 4011 984 4073 moribus
1007 4020 1086 4074 extet

254 4129 278 4171 ra
378 4111 529 4174 nostratis
551 4113 666 4176 Christo
688 4112 896 4193 dissimiliaque
918 4112 1022 4186 Petro,

293 4211 368 4283 Ouid
391 4213 460 4275 lacit
481 4222 532 4275 aut
553 4214 623 4294 quid
645 4212 735 4278 habet
757 4215 835 4295 quod
858 4216 977 4277 tandem
1000 4217 1099 4280 dicere
1121 4220 1217 4298 possis

375 4315 501 4394 [lignum
523 4315 649 4377 llumani
671 4319 789 4378 nominc
812 4317 978 4379 Pontificio?

156 4485 167 4518 ⁸
185 4486 341 4552 Maleaeque
365 4486 450 4538 fortes
469 4490 576 4538 animae
594 4489 623 4538 in
641 4488 742 4541 Orcum
761 4488 845 4539 misit.
863 4490 942 4540 Hom.
956 4489 989 4540 Il.
1004 4490 1025 4540 1.
1040 4489 1063 4541 3.

159 4570 216 4623 143.
245 4574 305 4623 Hoc
322 4573 404 4638 epipr.
418 4589 465 4624 our.
481 4577 507 4626 3.

1309 356 1384 430 265

160 4656 216 4707 111.
246 4659 333 4707 Extat
351 4659 437 4709 etiam
455 4658 483 4709 in
498 4658 694 4710 WolfiiLectt.
708 4661 876 4711 memorabb.
891 4662 928 4712 11.
942 4678 968 4727 p.
982 4659 1023 4711 87.
1039 4676 1080 4726 aq.
1134 4659 1141 4693 ¹
1162 4661 1273 4714 chalibo
1287 4668 1379 4717 1.2.3.

88 4740 99 4774 ¹
118 4739 215 4808 barba]
236 4743 272 4792 ci.
288 4744 373 4810 epigr.
391 4741 445 4794 tau.
498 4743 509 4776 ⁸
527 4746 609 4796 aravit
627 4748 652 4795 4.
706 4744 727 4778 ¹⁰
746 4745 828 4797 ei.1n
847 4743 1206 4814 tamp.lnl.aatv.16.aq.
