3294 5408
178 418 295 455 emm
304 418 343 455 en
351 418 418 455 ets.
427 416 638 454 irexrruerarvu
648 417 684 452 vr
695 417 806 452 essurio
816 417 846 452 ra
857 417 982 452 veneres
993 387 1365 460 raosroaxuonrauoarvu.
1395 389 1405 459 1
1417 391 1463 459 55

376 572 479 641 Vince,
495 575 632 650 iuquam,
648 580 789 650 tantoque
805 573 906 648 magis,
924 571 1002 649 quod
1019 573 1069 649 qui
1084 572 1312 650 istagerebent,

458 674 588 744 llorum,
612 693 701 753 quam
723 681 837 741 uestra,
862 680 906 733 est
927 672 1034 733 bellice
1056 672 1133 734 lama
1155 675 1262 736 minor.

379 775 483 844 Elllce,
507 793 546 835 ne
569 775 686 836 videant
707 774 779 836 illud
801 783 851 836 tua
873 782 1008 853 tempora
1031 777 1176 853 primum,

325 900 363 941 roo
459 874 544 945 Ouod
567 877 632 956 quis
655 869 814 938 Germanis'
833 877 938 936 lortius
959 892 1040 936 arma
1063 883 1155 954 geret.

377 977 496 1057 lamque
519 976 613 1038 oeulis
635 995 770 1056 propone
793 977 897 1045 duces,
921 994 1056 1056 propone
1078 985 1233 1058 tyrannos.

457 1079 604 1157 Aquibus
619 1079 690 1149 hoe,
714 1087 856 1159 quantum
873 1083 917 1138 est
931 1076 1045 1148 nobile,
1068 1086 1191 1140 stemma
1207 1080 1312 1151 trahis,
1350 1061 1352 1064 ‚

375 1181 412 1243 Ut
433 1181 542 1259 pudeat
562 1182 588 1241 si
609 1198 669 1240 non
692 1180 738 1239 his
761 1187 788 1239 te
811 1180 974 1242 maioribus
995 1196 1108 1258 seques.

323 1300 361 1341 roe
457 1281 513 1352 Qui
537 1282 621 1342 lamae
643 1279 803 1359 implerunt
826 1283 923 1341 orouia
946 1280 1032 1342 laude
1054 1298 1123 1342 suar.

373 1383 451 1445 Eece
472 1390 563 1444 ruunt
584 1382 702 1463 Cymbri
725 1390 754 1443 et
776 1380 907 1443 collectis
928 1383 1078 1444 Teutones
1099 1386 1189 1445 armis
1258 1368 1262 1377 ¹

459 1486 490 1546 lu
514 1485 628 1545 latium
652 1493 681 1545 et
702 1484 826 1544 llomam
849 1502 908 1544 nou
931 1486 994 1544 sine
1017 1483 1100 1545 clade
1123 1492 1240 1564 peluem

373 1586 452 1647 Ecce
475 1585 572 1646 alacer
595 1586 709 1664 magnis
730 1584 895 1646 llomauum
919 1585 1029 1647 viribus
1052 1604 1155 1648 ausum

322 1706 361 1748 roe
456 1689 606 1748 Arminius
627 1689 701 1748 vieta
723 1687 822 1749 cleiioit
844 1707 860 1747 e
883 1688 992 1765 patria;

373 1790 424 1857 Et,
448 1790 498 1867 qui
515 1796 550 1850 -te
573 1790 695 1868 propius
717 1790 861 1864 contingit
881 1806 1000 1858 rumor,
1024 1788 1155 1853 Oiliones

458 1890 561 1951 Nonne
585 1891 665 1952 vides
688 1898 749 1950 toto
772 1908 851 1951 nuuc
874 1890 961 1950 etiam
984 1890 1056 1951 urhe
1080 1891 1164 1951 eonii

375 1991 411 2052 lit
432 1992 674 2053 Frirlerielrorum
697 1992 773 2052 lama
796 2009 952 2070 superesse
974 1992 1156 2073 triumphos,

323 2113 361 2155 ua
458 2094 620 2155 iufaustum
643 2095 732 2154 Latiis
755 2092 880 2155 urbibus
903 2095 1044 2154 exitium?

374 2194 1213 2274 &mmmmmfflmmwmfflmmm

459 2297 552 2357 limet
570 2305 603 2357 ut
624 2304 654 2356 et
675 2314 782 2357 nomen
804 2297 911 2358 saecula
935 2295 1022 2375 longa
1045 2300 1143 2359 tuum!

374 2395 1172 2475 Smmmfflmmmdmmmuffimmm,

323 2520 361 2561 m
456 2501 1144 2578 immmmwmffimmmwmm

374 2601 1215 2670 mmfflfflmmmmmfflffimmm

425 2763 432 2773 ,
460 2703 524 2764 Nou
548 2721 624 2781 opus
647 2709 691 2763 est
713 2703 832 2762 monitis
855 2704 890 2763 ad
913 2710 962 2763 tua
987 2710 1081 2782 emma
1105 2706 1187 2766 meis.

374 2804 1314 2884 Mmmfflmmmmmmmmmwmmm,

322 2928 361 2967 rao
455 2909 575 2975 Annus,
600 2906 636 2966 ad
659 2906 795 2966 intuitum
819 2905 922 2966 rrrilitat
944 2905 992 2967 ille
1015 2915 1113 2975 tuum;

376 3007 415 3068 lla
439 3026 533 3085 pauco
556 3008 683 3068 Venetos
706 3010 841 3086 superari
863 3009 1007 3084 sauguine
1030 3009 1122 3079 cives,

459 3109 500 3170 lla
524 3116 603 3169 tauta
626 3111 733 3186 exiguo
755 3106 832 3169 bella
855 3127 963 3170 cruore
985 3110 1063 3185 geri!

375 3386 418 3441 Sie
441 3392 467 3440 te
490 3401 521 3439 ex
544 3381 623 3457 plebe
646 3383 718 3444 leva,
742 3383 781 3439 sie
804 3391 830 3439 te
854 3401 937 3458 super
959 3386 1059 3441 aetlrera
1082 3385 1179 3451 tolles,
1411 3402 1468 3454 (rra)

463 3470 545 3525 lluret
567 3474 592 3522 et
612 3476 641 3523 ut
662 3485 761 3524 nomeu
785 3469 881 3524 saecula
906 3469 987 3542 longa
1011 3472 1102 3526 luurul

375 3553 426 3609 Serl
450 3554 500 3609 iam
524 3551 593 3608 bella
616 3570 709 3627 paras.
735 3552 785 3608 iam
810 3553 875 3608 totis
898 3554 999 3610 viribus
1020 3556 1118 3617 amles,

324 3656 362 3695 rm
458 3638 511 3694 lam
534 3644 581 3692 tuo
603 3645 736 3711 concepto
759 3646 849 3694 eastra
871 3639 965 3694 lurore
987 3656 1093 3701 mores,
1378 3631 1381 3637 ’
1412 3656 1467 3706 (rio)

377 3723 430 3779 lam
455 3741 511 3779 rurs
534 3722 561 3777 iu
584 3722 715 3785 Venetos,
739 3731 767 3778 et
790 3731 816 3777 te
840 3723 917 3778 timet
940 3724 1028 3780 liostis
1051 3733 1174 3780 euntem:

458 3807 517 3863 lton
540 3825 611 3881 opus
633 3816 676 3862 est
697 3807 806 3863 monitis
828 3807 861 3862 ari
885 3817 931 3864 tua
952 3818 1042 3883 coelrta
1064 3809 1140 3866 oreis.

375 3895 486 3954 Anuue,
509 3891 629 3952 Christe,
653 3892 727 3953 duci,
752 3907 831 3965 quem
856 3901 883 3948 tu
908 3894 967 3949 liaeo
989 3893 1017 3948 iu
1041 3912 1124 3967 regua
1146 3894 1258 3957 locasti,

325 3992 363 4033 ror
460 3979 568 4038 Anuue,
592 3977 625 4032 ad
649 3977 776 4032 intuitum
801 3976 898 4032 militat
922 3977 966 4032 ille
991 3986 1081 4042 tuum;
1408 3995 1464 4045 (reo)

374 4062 410 4119 lla
432 4078 518 4136 pauco
542 4061 658 4117 Venetos
681 4062 804 4135 superari
827 4063 959 4135 sanguiue
981 4063 1068 4125 cives,

460 4147 493 4201 lla
517 4152 591 4202 tanta
614 4146 713 4218 exiguo
736 4145 805 4202 lrella
827 4147 921 4203 labore
942 4148 1016 4219 geri!
1408 4163 1465 4213 (raa)

172 4314 240 4322 ...-
254 4314 343 4322 --..--
359 4314 373 4321 .-

171 4418 297 4480 pontum‚
321 4412 406 4479 Regis
424 4426 492 4478 opus
510 4412 617 4478 magni,
641 4412 739 4463 mediis
759 4414 869 4478 euripus
886 4413 934 4462 ubi
952 4413 1032 4462 undis
1049 4414 1221 4479 Europaeque
1240 4412 1367 4476 Asiaeque
1386 4416 1465 4462 vetat

172 4512 335 4550 concurrere
353 4500 467 4548 terrasi'
514 4495 548 4529 ³⁹⁰
566 4495 644 4562 less]
665 4495 791 4554 Davidio,
810 4497 859 4547 lilii
873 4498 949 4547 Iesse
967 4513 989 4547 s.
1003 4498 1069 4559 lsai,
1090 4497 1168 4548 euius
1186 4502 1295 4561 strages
1312 4497 1387 4546 iuter
1398 4495 1462 4546 Phi-

171 4584 281 4635 listiuos
300 4583 382 4633 editas
401 4583 485 4633 etiem
503 4583 532 4632 in
550 4581 722 4647 proverbium
742 4582 879 4632 abierunt.
931 4580 965 4613 ³⁹¹
983 4581 1172 4645 Caeeropiosqj
1191 4585 1214 4630 l.

240 4667 274 4700 ⁷⁰⁸
295 4668 409 4718 Plenius
435 4667 495 4717 haee
518 4667 547 4717 iu
569 4668 739 4733 panegyrico
764 4667 800 4718 ed
819 4666 969 4717 albertum.
1039 4663 1070 4698 '¹¹
1091 4662 1324 4729 Frideriehorum]
1342 4665 1365 4715 1.
1379 4670 1408 4715 et
1425 4665 1461 4716 11.

173 4766 227 4802 non
252 4752 337 4804 etiem
360 4740 485 4818 pereatis
507 4751 706 4815 Maximilieni,
732 4752 778 4816 qui
802 4750 901 4801 blande
925 4766 979 4801 nou
1003 4750 1167 4802 excluditur.
1236 4747 1270 4782 '¹⁴
1288 4749 1384 4802 secula
1403 4752 1461 4801 el.
