3294 5408
615 1222 813 1291 PRAEFATlO
836 1222 1018 1286 EDlTOlllS.

243 1412 359 1464 Litteroe
377 1414 402 1462 si
420 1411 529 1479 quando
552 1425 637 1461 novas
661 1410 714 1461 sibi
738 1411 850 1462 induere
874 1412 977 1462 formas
1001 1412 1172 1473 desinerent,
1196 1425 1252 1461 non
1273 1416 1388 1475 possent
1411 1424 1463 1460 noa

177 1498 263 1549 emori
280 1496 390 1548 tandem
408 1497 485 1563 ipsse.
520 1497 583 1546 Una
601 1495 709 1561 quidem
728 1497 877 1561 eademque
896 1496 997 1562 ubique
1014 1495 1134 1546 locorum
1153 1511 1186 1545 ac
1200 1499 1352 1560 temporam
1364 1497 1464 1546 estve·

176 1585 259 1646 ritas,
277 1583 363 1644 ratio,
385 1579 554 1637 humanitas,
578 1595 633 1630 una
657 1579 807 1648 eademqne
831 1579 952 1643 bonitas,
978 1581 1099 1644 iustitia,
1122 1577 1265 1641 honestas,
1289 1593 1361 1630 unus
1383 1578 1463 1631 deust

175 1666 354 1734 philosophias
372 1670 477 1724 autem,
501 1664 568 1715 iuris
592 1663 739 1722 doctrinm,
765 1665 911 1730 theologice
931 1669 1059 1730 atquem
1078 1665 1194 1717 diversae
1212 1669 1277 1715 sunt
1293 1681 1343 1731 pro
1360 1669 1464 1732 tempo·

176 1769 235 1803 rum
257 1752 431 1818 locorumque
453 1749 673 1812 diversitatibum
696 1748 958 1816 philosophantem,
982 1750 1229 1817 dicmologumena,
1253 1732 1465 1816 tlueologumens

176 1837 299 1899 sanant,
319 1841 349 1886 at
365 1834 484 1897 veritas,
503 1834 623 1893 iustitia,
642 1834 709 1885 deus
727 1851 781 1885 non
799 1835 919 1885 variant.
955 1834 1059 1900 deoque
1077 1836 1245 1902 veritatique
1263 1850 1354 1901 neque
1372 1834 1465 1887 decre

176 1938 253 1974 scere
271 1921 417 1989 quidquam
436 1935 523 1985 neque
543 1919 704 1970 adcrescere
722 1924 826 1987 potest,
845 1918 894 1970 sed
912 1935 993 1986 quam
1011 1921 1039 1970 in
1058 1919 1195 1970 mentibus
1212 1919 1313 1970 uostris
1331 1918 1378 1970 dei
1394 1918 1464 1972 veri·

176 2008 295 2073 tutisque
314 2006 428 2057 formam
445 2003 628 2069 imaginemve
646 2004 725 2054 nobis
742 2004 868 2071 fingimus
886 2021 947 2056 cum
964 2005 1058 2072 populi
1076 2010 1133 2055 turn
1151 2003 1307 2070 singulares
1330 2003 1464 2068 homiues,

177 2108 211 2142 ea
229 2092 337 2158 quidem
354 2089 434 2140 varia
452 2094 480 2140 et
498 2088 699 2139 commutabilis
718 2095 776 2150 ost,
799 2105 876 2140 suam
895 2091 1023 2157 quisque,
1047 2107 1101 2140 non
1119 2104 1200 2139 unam
1222 2088 1366 2141 babemus.
1401 2090 1464 2156 lpu

177 2190 281 2242 quoque
301 2175 335 2225 ab
353 2173 480 2224 humanis
498 2173 617 2240 ingeniis
636 2179 782 2238 procreata
800 2191 885 2240 opera
903 2175 951 2225 ubi
969 2174 1159 2225 transformari
1177 2173 1334 2234 desierunt,
1354 2174 1464 2226 oblitte-

179 2265 241 2310 rata
264 2261 323 2310 vite
346 2274 396 2310 sua
419 2259 516 2315 iuncta
539 2263 611 2308 sunt.
647 2259 717 2323 quod
741 2259 775 2309 de
800 2258 840 2310 eis
864 2275 969 2326 quoque
992 2260 1120 2326 operibus
1149 2259 1303 2326 opificiisve
1328 2275 1390 2325 quas
1413 2275 1464 2310 uon

176 2346 262 2410 ipsius
285 2345 396 2395 humani
420 2343 527 2410 ingenii
549 2345 661 2409 propria
682 2345 856 2410 ingenueque
876 2346 979 2408 forma,
1002 2345 1087 2396 verbo
1105 2348 1185 2412 puta,
1208 2343 1257 2395 sad
1280 2358 1372 2395 rerum
1395 2343 1465 2396 silua

175 2430 388 2496 corporibusque
408 2433 486 2479 extra
502 2413 645 2479 bominem
659 2429 840 2481 existentibus
858 2429 912 2481 vim
930 2445 1007 2481 suam
1027 2434 1170 2494 exercent,
1193 2428 1281 2483 veluti
1298 2429 1402 2495 signis,
1424 2434 1465 2480 ts·

122 2521 131 2538 ·
175 2514 248 2573 bulis
264 2500 363 2581 pictis,
384 2512 523 2574 aedificiis,
543 2512 667 2579 templis,
686 2529 780 2564 verum
799 2529 860 2565 esse
877 2514 922 2564 hio
939 2531 994 2566 non
1012 2514 1217 2577 demonstrabo,
1237 2513 1285 2566 sad
1303 2513 1338 2565 da
1358 2515 1400 2566 eis
1416 2513 1464 2565 bn·

174 2615 263 2651 mane
281 2599 381 2651 mentis
400 2613 434 2648 ac
453 2597 632 2664 cogitationis
652 2599 823 2650 facinoribus
841 2599 974 2664 praedico,
995 2614 1055 2665 quse
1073 2606 1133 2651 tote
1151 2600 1237 2666 ipsius
1255 2584 1328 2662 sunt,
1347 2615 1403 2651 noa
1420 2616 1465 2652 ex·

174 2685 311 2735 trinsecus
333 2683 428 2751 petitis
451 2683 532 2734 rebus
556 2684 687 2745 formata,
712 2684 746 2733 de
769 2684 922 2735 divinorum
945 2692 1039 2736 vatum
1063 2686 1109 2750 qni
1131 2699 1196 2735 vere
1219 2688 1283 2734 sunt
1306 2683 1466 2752 adpellandi

175 2770 324 2836 poematis,
348 2769 409 2819 sive
433 2783 467 2818 es
485 2775 621 2818 canantur
638 2768 697 2819 sive
716 2768 857 2831 dicantur,
881 2769 933 2820 hoc
952 2775 995 2820 est
1012 2770 1071 2820 sive
1089 2770 1206 2835 propriis
1223 2769 1401 2820 divinitatem
1416 2768 1465 2820 hu·

175 2869 285 2906 menam
302 2853 471 2920 predicandi
489 2854 557 2903 artis
574 2853 681 2918 legibus
700 2853 831 2904 adstricto
850 2854 908 2904 siva
928 2854 961 2904 ab
981 2855 1034 2904 hiis
1052 2854 1160 2920 legibus
1178 2853 1266 2906 soluto
1278 2853 1359 2905 modo
1372 2869 1407 2904 ex
1418 2853 1466 2909 illo

176 2939 269 2989 divino
288 2939 364 2990 fonte
383 2939 429 3004 qui
447 2938 566 2989 humano
585 2943 697 3003 pectore
714 2938 877 3002 includitur,
897 2940 1046 3005 profluant:
1065 2954 1129 2989 nam
1147 2954 1226 2990 nemo
1244 2939 1393 3005 negaverit
1409 2939 1464 2991 llo·

176 3039 291 3087 merum,
311 3038 389 3090 quem
408 3023 538 3087 dicimus,
557 3022 746 3089 philosophum
766 3040 870 3089 quoqne
891 3029 919 3073 et
935 3024 1095 3073 historicum
1114 3029 1143 3074 et
1161 3024 1315 3075 divinarum
1331 3023 1464 3075 bumana-

176 3123 288 3175 rumque
306 3124 396 3158 rerum
414 3108 601 3170 sacerdotem,
626 3108 794 3158 Herodotum
817 3123 923 3174 quoque
942 3113 1053 3174 poetam
1077 3125 1110 3160 ac
1128 3109 1271 3160 Platonem
1295 3101 1463 3176 θεόμαηιν.

177 3193 217 3243 Ad
235 3193 401 3245 Pisistrstea
424 3200 516 3245 tamen
535 3199 659 3258 tempora
677 3193 884 3244 Homericorum
904 3195 1054 3244 carminum
1072 3193 1290 3260 reliugeudorum
1307 3199 1464 3247 restauren-

175 3278 323 3344 dorumque
341 3279 461 3330 studium
480 3278 635 3341 adsccndit,
663 3282 691 3328 et
718 3283 847 3343 quantum
871 3283 990 3329 mutatus
1009 3285 1052 3329 est
1068 3280 1192 3330 Beklreri
1210 3279 1346 3330 Homerus
1365 3279 1401 3331 ab
1419 3278 1465 3331 illo

176 3363 269 3430 pueris
286 3364 367 3415 uobis
385 3363 465 3414 lecto.
504 3368 532 3414 et
548 3363 717 3414 Herodotum
735 3363 933 3429 Platonemque
952 3379 1043 3414 nonne
1068 3365 1141 3430 apud
1167 3379 1261 3416 omnes
1279 3363 1402 3416 eruditos
1418 3380 1465 3432 po·

175 3448 253 3515 pulos
278 3448 366 3499 denuo
389 3465 497 3516 semper
520 3453 548 3499 et
570 3448 673 3498 edimus
697 3453 725 3498 et
746 3450 877 3499 vertimus
901 3454 929 3500 et
951 3450 1102 3512 imitamur,
1125 3452 1185 3500 sive
1209 3447 1386 3501 emendemus
1407 3451 1464 3500 sive

176 3535 396 3598 corrumpamus?
413 3535 484 3584 Item
497 3532 660 3599 linguarum,
678 3533 708 3582 in
726 3535 824 3598 primis·
840 3549 932 3585 earnm
952 3550 1019 3600 quse
1038 3539 1176 3590 emortum
1194 3550 1248 3585 nou
1266 3534 1379 3586 omnino
1392 3540 1463 3586 recte

175 3617 345 3669 nominamus
363 3615 441 3682 (uam
459 3635 524 3669 ecce
542 3634 597 3669 uon
615 3619 700 3670 solum
714 3620 901 3670 Romanenses
918 3620 1021 3686 linguae
1040 3620 1144 3686 vigent,
1163 3620 1213 3669 sed
1231 3624 1259 3670 et
1275 3635 1335 3679 nos,
1355 3620 1402 3685 qui
1413 3620 1464 3672 ori·

175 3705 266 3770 ginem
285 3704 481 3755 conducimus
500 3719 517 3753 a
534 3703 642 3770 populis
660 3705 783 3755 Romano
802 3704 937 3770 quondam
959 3705 1073 3771 imperio
1096 3704 1244 3767 subiectis,
1267 3705 1373 3756 Latine
1390 3704 1463 3756 sre-

175 3804 260 3855 ceque
280 3788 394 3839 cottidie
413 3789 530 3855 legimus
550 3789 748 3855 scribimusque
767 3791 871 3856 passim
890 3795 981 3856 atque,
1000 3792 1024 3840 si
1036 3791 1078 3840 dis
1090 3789 1191 3856 placet,
1211 3789 1348 3857 loquimur
1361 3788 1463 3851 etiam),

174 3874 330 3941 linguarum
351 3873 417 3924 item
441 3874 631 3926 discendarum
656 3874 894 3940 docendarumque
918 3891 976 3937 ars,
1003 3880 1031 3925 at
1053 3877 1078 3926 si
1101 3876 1146 3927 vel
1165 3877 1244 3926 unius
1263 3875 1463 3941 e.gr.Latina

174 3959 357 4025 grammatica
375 3963 528 4025 spectatur,
554 3975 607 4010 non
631 3961 719 4025 magis
738 3977 793 4010 nne
811 3976 919 4026 semper
938 3961 1087 4033 eademque
1107 3975 1167 4011 esse
1185 3964 1276 4026 potest
1292 3974 1376 4025 quam
1394 3959 1463 4010 idam

174 4047 217 4096 ius
235 4046 399 4107 Romanum,
419 4049 449 4094 ut
467 4045 550 4094 adfini
570 4050 598 4095 et
616 4045 688 4109 quod
706 4046 773 4096 mihi
792 4045 931 4096 familiare
952 4053 993 4097 est
1012 4045 1230 4112 exemplantur,
1249 4044 1346 4096 eodem
1364 4045 1463 4111 ubique

174 4135 203 4180 et
221 4130 256 4180 ab
274 4130 399 4181 omnibus
417 4144 470 4180 uno
489 4129 567 4180 modo
586 4129 656 4180 disci
675 4130 822 4195 docerique
841 4135 939 4197 potest.
976 4131 1057 4181 Suam
1076 4131 1200 4197 quodque
1213 4135 1330 4196 tempus,
1351 4131 1463 4196 quisque

173 4215 296 4281 populus,
318 4230 432 4281 qumque
445 4216 532 4281 regio,
552 4215 665 4280 quisque
678 4215 795 4281 denique
813 4216 893 4267 bomo
912 4217 1054 4278 rationem,
1074 4217 1213 4282 propriam
1225 4213 1391 4277 methodum,
1409 4217 1463 4266 siu·

174 4300 297 4366 gularem
316 4302 404 4361 viam,
429 4299 512 4350 aliam
532 4299 589 4377 qlia
608 4316 641 4350 ex
658 4299 710 4350 bac
728 4306 807 4367 parte
826 4301 994 4363 feliciorem,
1019 4317 1053 4351 ex
1072 4302 1128 4351 alia
1151 4301 1331 4358 deteriorem,
1356 4300 1410 4351 init
1431 4317 1462 4351 sc

175 4386 308 4451 sequitur,
328 4391 357 4436 ut
376 4386 411 4436 ad
429 4385 565 4449 eumdem,
590 4401 669 4451 quem
687 4390 772 4436 toturn
792 4402 869 4437 nemo
889 4386 1058 4447 mortalium,
1083 4387 1135 4436 etsi
1153 4387 1277 4451 proxime
1297 4384 1386 4448 absit,
1409 4401 1463 4437 um·

175 4485 254 4535 qnam
272 4471 444 4537 adsequitur,
469 4469 550 4520 finem
573 4471 725 4536 perveniat.
760 4465 799 4521 At
820 4473 866 4537 qui
889 4471 997 4521 litteras
1021 4471 1055 4522 ad
1080 4471 1233 4521 mercedem
1256 4470 1413 4535 abducunt,
1435 4475 1464 4520 ut

175 4555 263 4621 magis
280 4556 321 4605 rei
339 4554 471 4606 familiari
490 4556 624 4621 augendae
643 4557 794 4622 temporive
818 4556 938 4607 molliter
961 4555 1074 4608 terendo
1098 4572 1177 4621 quam
1200 4557 1285 4606 menti
1305 4555 1463 4607 excolendas

174 4639 340 4704 veritatique
359 4641 540 4706 adsequendae
560 4641 703 4704 studeant,
727 4642 746 4691 ii
767 4647 941 4691 contemnere
965 4641 1054 4691 solent
1077 4657 1094 4690 a
1117 4641 1266 4690 maioribus
1290 4643 1463 4708 excogitatas

174 4722 327 4775 litterariae
347 4725 430 4775 etiam
451 4730 525 4776 artes
548 4726 737 4791 rationesque,
762 4731 792 4775 ut
816 4725 914 4775 multos
933 4726 967 4776 de
985 4727 1122 4791 superatis
1141 4724 1351 4778 condicionibus
1369 4726 1462 4779 codem
