3294 5408
696 556 877 619 Lscvvuls
900 556 929 616 S.

238 703 360 752 Postea
379 715 438 764 quoe
458 697 492 747 ad
511 698 627 761 primam
651 695 746 744 horum
770 698 926 759 poematum
948 697 1055 758 partem
1078 707 1095 742 a
1117 691 1199 742 uobis
1221 693 1364 758 disputata
1387 699 1454 768 suut,

172 787 206 837 ad
219 787 290 836 hauc
309 784 434 846 alteram,
455 798 536 848 quam
553 797 610 848 prm
624 779 724 830 ceteris
736 778 926 829 Caesarianam
944 779 1002 830 sivc
1014 776 1233 828 blaximilionam
1252 793 1305 828 uno
1323 778 1456 829 vocabulo

170 873 264 922 dicere
282 870 383 936 possis,
410 869 438 917 in
460 869 616 919 uuiversum
639 879 729 930 pauca
753 864 947 929 qrrmmoneuda
967 879 1026 914 esse
1045 862 1173 913 videntur
1196 861 1362 929 (singulares
1387 865 1457 913 enim

170 955 350 1023 praefationes
369 953 541 1017 sequentur),
562 956 590 1001 ct
607 951 721 1016 primum
740 949 848 1013 quidem
867 949 901 998 de
920 948 1045 1013 partibus
1063 948 1109 998 hic
1128 948 1264 1014 receptis,
1287 953 1344 998 tum
1361 948 1397 998 de
1416 949 1457 998 eis

171 1056 231 1107 quae
253 1042 328 1106 priua
352 1055 369 1090 a
391 1039 471 1089 uobis
495 1038 570 1087 edita
594 1052 627 1085 ox
650 1035 701 1083 hoc
723 1032 861 1084 volumino
888 1033 1045 1098 ableganda
1068 1033 1187 1083 fuerunt.
1222 1034 1348 1084 Psrtium
1366 1040 1458 1084 autern

170 1131 345 1192 receptarum
363 1122 533 1189 conplurium
546 1120 685 1187 duplicem
697 1120 887 1170 recensionem
901 1122 1003 1175 extare,
1023 1118 1094 1184 quod
1106 1117 1139 1168 de
1151 1118 1267 1169 Nemine
1280 1124 1343 1184 post
1354 1119 1458 1170 Burclr-

170 1211 284 1262 bardum
302 1211 381 1275 quasi
398 1224 457 1259 rem
475 1207 556 1258 valde
581 1204 786 1256 memorabilem
808 1204 962 1270 praedicare
981 1202 1084 1266 solent,
1108 1202 1239 1253 Eobauus
1256 1204 1364 1256 Bessus
1387 1205 1461 1268 (nam

170 1297 233 1347 huic
256 1295 351 1346 deberi
376 1293 496 1359 Operum
519 1293 688 1358 poeticorum
712 1288 1065 1354 ann01538.pulrlicatam
1089 1287 1237 1339 editionem
1260 1304 1315 1339 non
1339 1289 1462 1357 ambigo)

171 1381 294 1448 quamvis
318 1396 371 1430 non
396 1378 581 1443 ignoraverit,
608 1382 702 1426 tamen
725 1379 800 1424 certe
825 1375 935 1439 penitus
958 1373 1094 1440 neglexit3
1124 1373 1258 1423 Gruterus
1285 1379 1379 1425 autem
1402 1392 1461 1426 cum

172 1465 300 1517 ‘Delitias
318 1469 461 1530 poetarum
474 1461 678 1514 Germanorum'
698 1459 855 1526 colligerat,
875 1459 992 1510 Hutteni
1011 1458 1179 1509 canninibus
1197 1457 1281 1511 aliam
1300 1474 1396 1510 curam
1415 1459 1460 1510 ad·

172 1551 263 1601 hibuit
281 1549 384 1599 nullam
403 1563 483 1613 quam
502 1553 532 1597 ut
549 1547 634 1597 Hessi
653 1544 819 1610 exemplum,
839 1544 975 1595 sordidius
993 1542 1060 1594 illud
1079 1558 1160 1609 quam
1179 1543 1214 1593 ab
1232 1544 1352 1595 Hutteni
1371 1547 1463 1596 amico

173 1636 242 1686 ferri
259 1635 359 1700 possit,
383 1633 438 1683 uisi
461 1647 512 1683 sna
535 1633 594 1698 ipse
618 1636 748 1699 poemata
772 1630 806 1679 ab
825 1629 929 1679 eisdem
948 1629 1039 1695 operis
1059 1628 1155 1687 eadem
1173 1629 1267 1695 negoti
1285 1631 1403 1696 gerendi
1421 1632 1461 1682 in·

173 1720 256 1771 scitia
274 1718 392 1770 exscribi
410 1733 507 1785 passus
526 1721 600 1768 esset
617 1710 761 1776 Eobadrrs,
787 1714 1067 1765 Franeofurtensibus
1091 1714 1181 1779 operis
1206 1715 1388 1780 repetendum
1407 1720 1461 1767 tra-

172 1808 264 1867 deret,
290 1803 517 1870 epigrammatum
541 1784 598 1852 iere
623 1806 720 1867 quarta
742 1803 821 1866 parte
846 1814 879 1849 ao
898 1800 922 1850 si
939 1815 994 1850 nou
1013 1799 1156 1850 extiterint
1173 1797 1274 1849 emmas
1292 1805 1341 1850 aut
1359 1799 1461 1851 deleta.

173 1889 318 1939 hliinchius
330 1888 458 1954 denique,
478 1887 603 1952 quamvis
615 1885 827 1936 vindobonense
842 1883 994 1951 exemplum
1007 1884 1075 1948 (lud.
1089 1884 1217 1951 bibliogr.
1228 1885 1307 1936 llutt.
1317 1901 1392 1936 num.
1404 1886 1461 1947 vl.)

174 1975 208 2025 ad
226 1989 324 2024 manus
342 1973 473 2036 haberet,
496 1977 526 2022 ut
550 1972 602 2022 fuit
625 1970 706 2036 plane
731 1969 906 2035 admirabilia
921 1969 1106 2035 neglegentiae
1125 1969 1205 2020 homo
1229 1975 1257 2019 et
1279 1970 1402 2020 inscitiae
1420 1987 1461 2021 se-

174 2059 325 2110 curissimae
343 2058 529 2122 socordiaeque
547 2056 693 2118 studiosus,
713 2056 738 2105 si
756 2071 810 2105 uon
829 2060 953 2104 curasset
971 2061 1001 2104 ut
1019 2055 1156 2105 sordidum
1175 2055 1310 2106 sordidius
1327 2058 1460 2106 transcri-

172 2145 293 2208 beretur,
312 2140 545 2208 metamorphosin
562 2157 661 2207 passus
679 2141 826 2191 diceretur.
857 2142 949 2205 itaque
968 2154 1029 2190 cum
1047 2140 1080 2190 de
1100 2139 1255 2190 adhibendo
1272 2154 1322 2191 suo
1335 2141 1461 2207 exemplo

172 2229 371 2296 Erphurdiensi
384 2229 454 2292 (lud.
468 2228 596 2293 bibliogr.
608 2229 686 2277 Hutt.
696 2243 770 2276 uum.
781 2226 827 2275 XI.
841 2226 878 2288 2.)
897 2241 930 2275 ne
944 2226 1049 2283 Hessos
1062 2226 1171 2290 quidem
1184 2225 1344 2290 cogitasset,
1364 2227 1460 2277 mirum

174 2330 228 2364 nou
246 2319 289 2364 est
308 2330 325 2363 a
342 2313 509 2377 sequacibus
527 2313 556 2363 id
572 2312 730 2378 neglectum
750 2327 824 2372 esse,
849 2316 880 2360 ut
902 2316 1012 2360 taceam
1031 2310 1064 2360 do
1083 2310 1245 2375 Corycianis
1263 2309 1362 2362 aliisve
1382 2310 1461 2363 libris

174 2399 271 2464 quibus
290 2415 344 2449 non
362 2397 438 2448 nulla
455 2404 577 2448 nostrum
596 2397 749 2465 exemplum
767 2397 858 2448 debet.
895 2396 937 2446 De
955 2395 1034 2445 modo
1053 2395 1182 2445 editionis
1199 2395 1409 2448 Exhortatiouia
1426 2398 1461 2448 sd

173 2482 392 2534 Maximiliauum
411 2488 438 2533 at
456 2483 560 2533 heroici
578 2483 612 2532 de
631 2482 780 2533 Germania
797 2497 852 2531 nou
870 2481 1001 2547 degeneri
1020 2481 1149 2530 carminis
1167 2480 1305 2546 primariae
1324 2491 1387 2532 cunr
1406 2482 1461 2533 edi·

174 2568 247 2618 tione
266 2573 419 2619 retractata
437 2571 573 2632 auctaque
593 2567 776 2632 coniungendi
795 2583 848 2617 non
871 2565 1025 2616 inconsulto
1048 2566 1134 2616 statui
1155 2571 1299 2631 utramque
1322 2565 1461 2632 integram

175 2653 317 2715 exhibere,
342 2659 373 2704 ut
394 2654 423 2703 in
447 2653 551 2703 edendo
568 2653 685 2703 Nemine
703 2653 763 2703 fieri
781 2652 891 2714 debuit,
915 2653 955 2701 ita
978 2655 1008 2701 ut
1031 2652 1172 2716 utriusque
1196 2651 1291 2702 formae
1309 2650 1461 2703 diversitas

174 2738 334 2789 diversitate
353 2744 476 2804 typorum
496 2738 680 2807 adhibitorum
698 2740 757 2788 sine
775 2737 927 2804 legentium
946 2737 1170 2787 incommoditate
1189 2735 1365 2789 oculorumve
1378 2738 1461 2790 olien-

172 2823 249 2873 aiono
268 2825 415 2889 perspicua
433 2822 519 2874 esset:
539 2823 623 2874 malui
642 2824 714 2873 enim
731 2825 829 2889 paucis
848 2823 951 2872 chartae
964 2823 1040 2873 foliis
1054 2826 1081 2871 ct
1094 2820 1199 2886 aliquot
1211 2823 1279 2872 meis
1291 2822 1367 2873 horis
1380 2839 1460 2890 quam

172 2906 290 2957 utilitati
313 2913 341 2959 ot
365 2909 552 2959 commoditati
576 2909 655 2959 huius
680 2907 799 2974 exempli
822 2924 876 2958 nou
899 2922 1022 2974 parcere.
1058 2908 1098 2957 Ac
1116 2906 1214 2956 similis
1232 2921 1320 2958 causa
1339 2914 1383 2959 est
1401 2925 1459 2975 quae

172 3008 214 3043 me
232 2994 318 3044 movit
335 2999 365 3044 ut
383 2995 514 3060 conplura
533 2995 648 3044 alionum
666 2994 783 3058 scripta,
807 2993 947 3042 orationes
967 2998 994 3042 et
1013 2993 1148 3054 carmina,
1174 3006 1234 3042 eum
1252 2995 1408 3058 praesertim
1426 2994 1459 3044 sd

172 3077 344 3128 llutteniana
370 3080 473 3131 rectius
501 3079 665 3130 aestimanda
693 3079 806 3144 egregie
834 3079 928 3127 iacere
956 3077 1167 3138 intellexissem,
1199 3078 1261 3142 ipsa
1289 3082 1383 3128 autem
1414 3085 1459 3129 aut

172 3163 281 3214 omnino
298 3164 429 3231 neglecta
443 3170 491 3214 arat
508 3165 725 3230 infrequentiora
744 3178 804 3213 esse
823 3163 966 3225 vidissem,
987 3163 1202 3228 ‹prantumpotui
1214 3164 1404 3215 emendataet
1420 3164 1457 3214 iu·

172 3246 290 3298 lustrata
308 3255 364 3299 tum
377 3250 570 3301 Exhortationi
588 3254 644 3299 tum
663 3249 783 3298 heroicis
802 3254 897 3298 eontra
912 3248 1032 3297 Venetos
1045 3246 1212 3296 carminibus
1225 3247 1375 3300 adicerem.
1398 3266 1458 3300 nam

171 3332 242 3397 quod
260 3333 397 3385 adaotius
415 3335 495 3385 huius
514 3336 605 3400 operis
624 3335 759 3383 rationem
778 3350 865 3383 meam
885 3333 1076 3398 explicandam
1099 3333 1186 3399 primo
1209 3333 1306 3383 statim
1328 3334 1458 3386 volumini

171 3418 303 3483 praefatus
321 3435 392 3482 sum,
413 3421 497 3470 etiam
516 3435 588 3470 nune
607 3424 636 3468 ut
653 3419 812 3484 perficerem
831 3419 926 3468 sedulo
944 3418 1048 3480 studui,
1069 3417 1097 3468 id
1116 3422 1157 3468 est
1174 3422 1204 3467 ut
1220 3419 1339 3470 Hutteui
1357 3422 1457 3486 scripta

172 3503 212 3553 ita
231 3504 352 3568 ederem,
376 3521 411 3555 na
430 3507 503 3556 inter
521 3521 601 3571 puros
619 3504 795 3553 historiarum
815 3520 849 3554 ac
868 3505 1022 3553 litterarum
1043 3503 1270 3555 Germanicarum
1289 3505 1383 3557 fontes
1400 3522 1455 3572 qua

171 3589 360 3655 reciperentur
377 3607 426 3656 per
444 3607 485 3640 me
504 3591 617 3655 indigna
637 3595 737 3638 esseut.
773 3589 845 3638 unde
865 3604 1036 3654 consequeus
1056 3594 1111 3649 est,
1132 3588 1216 3654 quod,
1237 3590 1322 3655 siquis
1342 3592 1455 3643 celerius

170 3673 231 3724 liaec
249 3673 389 3725 volumina
407 3677 585 3741 percurrerit,
610 3675 705 3724 mirum
724 3674 812 3724 videri
831 3676 918 3739 possit
937 3691 969 3725 ac
993 3675 1078 3724 nimia
1101 3674 1218 3725 licentia
1241 3675 1362 3741 lactum,
1387 3677 1468 3728 haud.

170 3772 260 3824 pauca
278 3776 320 3810 me
338 3762 462 3826 recipere
482 3776 541 3825 qum
560 3776 613 3811 uon
631 3760 717 3811 solrrm
730 3761 881 3809 Hutteuum
901 3764 1038 3810 auctorem
1057 3775 1111 3809 nou
1129 3759 1294 3823 habuerunt,
1313 3762 1363 3812 sed
1381 3778 1454 3813 nemo

170 3843 233 3893 dum
250 3844 372 3895 llutteno
392 3846 582 3911 adscripserit:
608 3847 701 3910 itaque
724 3844 843 3895 lectores
867 3846 912 3909 qui
936 3845 1097 3909 diligentius
1118 3844 1161 3894 his
1185 3845 1315 3910 operibus
1340 3848 1453 3898 studium

170 3929 359 3995 inpenderint,
380 3931 463 3981 facilc
483 3932 567 3980 inulta
581 3932 733 3981 lluttenica
752 3929 916 3980 commodius
935 3929 1096 3995 pleniusque
1116 3946 1197 3995 quam
1216 3931 1375 3983 adnotando
1394 3933 1452 3984 elle·

170 4015 282 4076 cissem,
307 4015 374 4080 ipsis
393 4015 449 4065 illis
468 4016 670 4065 adiectionibus
690 4014 823 4080 explicari
843 4020 871 4065 et
890 4015 1017 4065 adornari
1036 4016 1169 4066 viderint:
1194 4016 1321 4081 equidem
1340 4033 1396 4069 non
1413 4019 1452 4067 de·

167 4098 313 4150 licatorum
326 4100 506 4152 oblectationi
524 4100 573 4150 aed
591 4101 721 4151 bonarum
740 4101 893 4150 litterarum
912 4101 1141 4166 historiarumque
1159 4101 1342 4152 studiosorum
1362 4105 1454 4154 instru-

170 4185 258 4235 ctioni
275 4185 348 4235 hanc
368 4187 518 4236 editionem
538 4186 685 4237 destinavi.
723 4185 825 4235 Contra
844 4202 904 4251 quae
922 4186 1107 4236 voluminibus
1126 4191 1191 4236 ante
1209 4185 1261 4236 hac
1280 4187 1365 4239 editis
1383 4204 1454 4254 repe·

169 4273 223 4322 tito
242 4271 276 4321 ab
294 4271 347 4322 hae
366 4276 521 4337 poematum
540 4278 618 4337 parte
638 4273 737 4322 aalressc
756 4271 830 4322 volui
849 4286 939 4336 pauca
957 4272 1113 4336 poematia,
1136 4277 1166 4320 u't
1189 4286 1272 4336 supra
1296 4275 1454 4332 monuimus,

169 4358 271 4406 iustum
288 4357 335 4406 ubi
355 4357 430 4407 edita
448 4362 511 4406 suut
530 4359 694 4409 invenerunt
711 4357 801 4408 locum
821 4362 849 4407 ct
867 4371 945 4421 ‹qrrem
963 4372 1035 4405 nunc
1055 4372 1174 4422 quoquc,
1194 4358 1249 4406 uisi
1267 4358 1292 4406 si
1310 4357 1372 4407 sola
1390 4359 1454 4407 llut-

169 4442 227 4491 teni
245 4447 373 4507 poemata
396 4443 463 4493 mihi
487 4443 593 4493 edenda
617 4442 720 4503 forent,
746 4444 785 4492 eia
809 4444 915 4503 darem,
940 4441 1050 4506 singula
1073 4447 1166 4492 tamen
1185 4459 1216 4492 co
1236 4442 1290 4491 loci
1309 4443 1455 4494 memoravi

166 4527 217 4575 ubi
236 4527 308 4577 inter
325 4529 416 4578 omnia
435 4529 558 4578 carmina
584 4527 755 4577 conlocanda
778 4529 936 4579 videantur:
961 4527 994 4577 do
1018 4542 1072 4576 rum
1092 4528 1218 4593 Epistola
1242 4526 1335 4578 Italiae
1355 4528 1456 4578 ficticia

170 4626 231 4660 cum
248 4612 331 4662 Hessi
348 4614 522 4678 responsoria
540 4629 633 4663 verram
652 4628 705 4662 uon
725 4614 855 4678 estquod
874 4614 953 4663 modo
971 4612 1039 4671 dixi,
1060 4614 1108 4663 sod
1126 4615 1158 4663 de
1177 4613 1219 4663 his
1237 4608 1313 4663 iulia
1332 4629 1381 4664 suo
1401 4615 1457 4666 loco

170 4693 321 4759 pleniorem
340 4697 544 4749 adnotationem
564 4700 628 4748 feci.
663 4699 734 4748 Boni
753 4698 878 4761 consule,
898 4697 994 4749 lector.
1019 4702 1025 4720 ¹
