3294 5408
679 373 802 409 avarum
816 373 864 408 VIR
878 372 976 408 BONVS.

383 527 448 589 Nun
471 528 564 590 doceo
586 545 651 607 quae
674 527 747 589 dura
769 535 869 607 putes,
892 529 938 589 via
959 526 1031 589 levis
1053 528 1133 589 eunti
1156 535 1201 590 est

467 631 510 692 Ad
533 629 665 693 celebres
688 629 784 693 cultus
805 637 1040 710 perpetuumque
1062 630 1168 700 decus;

382 731 479 794 Triste
501 732 573 794 nihil
595 735 728 803 munitis,
751 731 822 794 nihil
845 731 1042 813 insuperabile
1065 734 1188 801 uostris:

330 857 356 898 as
464 835 502 896 Et
522 834 622 898 faciles
644 835 740 896 aditus
762 842 792 896 et
813 836 860 914 pia
884 820 961 896 iussa
983 851 1065 912 gero.

382 936 463 997 Adde
486 937 563 1017 quod
587 943 631 998 est
652 935 737 998 nobis
758 939 829 1005 vita,
852 955 920 1016 spes
942 943 1037 1007 certa,
1061 936 1215 1014 perennis,

465 1038 535 1109 Quis
557 1038 629 1100 nnlit
650 1058 741 1118 parvo
764 1057 867 1117 magna
891 1037 992 1100 labore
1014 1037 1116 1117 sequit

383 1141 511 1203 Vivimus
533 1143 689 1219 ancipites,
713 1142 856 1202 morimur
879 1139 1032 1225 fugacibus
1055 1140 1149 1208 buris,

330 1263 355 1303 ae
420 1311 425 1318 ,
464 1243 524 1306 Nec
547 1238 660 1305 certum
684 1251 727 1305 est
749 1234 846 1305 unum¹
860 1244 960 1329 'vivere
982 1261 1071 1322 pnsse
1093 1243 1179 1303 diem.

359 1344 505 1415 ,Quando
529 1347 617 1426 igitur
640 1347 704 1406 vitae
727 1346 923 1424 nequicquam
946 1345 1063 1406 fidimus
1085 1342 1141 1413 illi,

464 1446 547 1517 Qund
571 1455 670 1527 potes,
693 1454 820 1509 aeternos
842 1448 938 1508 vivere
960 1445 1048 1508 tende
1070 1445 1142 1506 dies.

302 1585 306 1600 ·
381 1550 469 1612 Utere
492 1567 553 1619 me,
575 1551 671 1625 vives,
695 1550 770 1610 etsi
792 1551 868 1629 petis
890 1550 964 1619 ntia,
986 1550 1064 1610 veris

327 1681 353 1723 ῃ
461 1651 545 1713 llisce
569 1651 641 1722 lrui,
665 1652 741 1713 etsi
764 1653 806 1713 vis
828 1653 940 1721 uivere,
963 1652 1025 1711 vive
1047 1648 1106 1709 diu.

369 1753 461 1815 'Nulla
485 1753 577 1824 salue,
602 1764 740 1834 corrupta
762 1754 860 1833 quies,
885 1755 986 1815 insana
1009 1751 1115 1830 cupide

462 1856 513 1917 Est
535 1857 631 1918 animo
653 1857 728 1918 vitiis
751 1855 980 1936 criminibusque
1003 1855 1079 1915 dato.

377 1958 448 2029 Quae
470 1960 495 2018 si
518 1958 594 2020 lurte
615 1956 694 2020 leves
716 1961 834 2038 capiunt
856 1957 1010 2019 dulcedine
1033 1964 1161 2047 meptes,

324 2079 350 2120 nc
458 2060 586 2139 Sperne,
609 2059 701 2122 latent
721 2060 852 2139 pulchris
874 2060 937 2121 dira
960 2076 1071 2120 uenena
1094 2060 1178 2119 rosis.
1254 2101 1257 2106 ν

378 2162 500 2242 Siquid
524 2165 553 2224 in
576 2163 632 2224 hiis
654 2163 721 2224 duri
744 2170 801 2234 est,
825 2161 961 2223 humanm
983 2159 1138 2222 inamabile
1161 2161 1266 2231 menti,

460 2263 525 2325 Nun
548 2272 632 2343 potes
654 2265 761 2326 invitus
782 2263 945 2343 prendere,
969 2262 1041 2323 dura
1065 2263 1148 2340 luge!

377 2366 513 2428 Fascinat
534 2368 652 2448 insanas
674 2365 796 2428 Veneris
819 2366 934 2427 lasciuia
956 2373 1086 2433 mentes,

324 2490 350 2531 ru
460 2467 560 2529 llulcia
582 2468 723 2548 pestifero
746 2469 851 2546 gaudia
873 2469 903 2528 in
927 2486 979 2528 ore
1002 2485 1124 2546 gerens:

325 2556 327 2562 ⁴
376 2571 444 2632 llaec
467 2571 518 2631 ubi
539 2569 651 2633 solicito
674 2572 793 2631 iuvenes
816 2571 996 2650 praestrinxit
1017 2587 1134 2639 amore,

460 2673 492 2734 ln
515 2672 626 2734 subitos
648 2691 733 2735 casus
755 2673 931 2751 insidiasque
952 2672 1050 2732 trahit.

376 2774 479 2845 Furta,
503 2774 576 2845 doli,
599 2781 708 2845 metus,
732 2777 790 2845 ira,
814 2793 917 2843 neces,
941 2774 1089 2852 contagia,
1112 2772 1223 2843 caedes,

323 2897 348 2937 u
456 2876 492 2937 Et
512 2877 596 2937 luriae
617 2895 765 2938 summum
788 2878 909 2938 suntin
932 2893 1033 2936 amore
1055 2872 1175 2936 bunum.
1252 2884 1256 2895 '

374 2979 462 3039 Vince
484 2979 574 3056 igitur
595 2978 744 3049 dammas,
768 2987 858 3040 utne
880 2980 1004 3055 capiaris
1027 2976 1064 3040 ab
1086 2973 1158 3045 illis:

457 3079 533 3141 llum
554 3088 639 3144 tener
663 3089 847 3152 est,·tener0
869 3081 989 3142 llumiua
1010 3097 1118 3160 sparge
1141 3096 1223 3159 rogo.

374 3182 431 3247 Sed
455 3184 533 3262 capit
552 3191 584 3247 et
605 3182 713 3245 multos
735 3183 849 3245 lunesta
872 3183 995 3262 pecunia
1018 3183 1110 3261 cogit,

321 3305 347 3346 cs
455 3285 492 3347 Et
512 3285 609 3365 placet
630 3286 706 3347 hanc
729 3293 841 3366 partam
865 3283 998 3364 quolibet
1019 3301 1084 3345 esse
1107 3284 1209 3347 modo:

372 3386 473 3449 Cacus
494 3407 578 3450 amor
600 3407 700 3450 rerum
724 3395 768 3449 est
789 3395 819 3449 et
840 3404 899 3447 non
923 3387 977 3448 nisi
1000 3403 1071 3446 vana
1095 3385 1201 3456 libido,

456 3488 545 3551 Plena
568 3498 679 3561 metus,
703 3488 784 3551 nullo
807 3489 964 3550 certificata
987 3493 1074 3549 statu.

372 3590 518 3661 Quantum
541 3610 615 3671 npus
637 3600 694 3661 est,
717 3593 787 3653 satis
810 3610 873 3653 esse
895 3599 979 3670 puta:
1003 3591 1118 3669 cogeris
1139 3588 1176 3649 ab
1201 3608 1257 3651 una

323 3712 348 3753 aa
456 3694 550 3755 llorte
571 3711 768 3773 supervacuas
789 3693 924 3773 linquere
947 3692 1069 3753 divitias.

372 3795 461 3874 Siqua
485 3797 573 3873 igitur
594 3795 743 3875 placeant,
766 3796 821 3856 nisi
842 3798 881 3857 sit
902 3794 1046 3875 placuisse
1068 3793 1225 3862 decorum,

457 3898 574 3976 Elluge:
598 3905 667 3959 sunt
688 3900 786 3958 animo
809 3898 902 3960 rhetia
925 3886 1008 3958 tensa
1031 3904 1097 3957 tun:

372 3997 481 4061 Blanda
504 3999 584 4060 dabit
606 3999 742 4069 Veneris,
766 4010 865 4060 rtrum
888 3998 968 4060 dabit
990 4008 1052 4059 atra
1075 3997 1182 4078 cupido

319 4122 344 4163 sc
453 4102 620 4163 Perniciosa
643 4101 769 4172 homini,
793 4101 971 4181 displicitura
994 4100 1059 4162 deu.

370 4201 460 4265 Cedat
481 4221 565 4265 amur
586 4221 703 4275 rerum,
728 4205 813 4266 cedat
835 4203 942 4265 mellita
967 4201 1112 4282 uoluptas,

454 4304 551 4367 Solius
573 4312 604 4367 et
625 4306 720 4386 siquid
744 4305 877 4386 corporis
900 4324 964 4366 esse
987 4305 1076 4366 rides.

234 4472 254 4510 Ἰ
275 4492 327 4543 que
341 4480 363 4528 1.
416 4475 563 4528 laevisd.7.
616 4474 638 4507 ¹⁹
656 4476 837 4543 nequidquam
850 4478 905 4526 6.7.
957 4472 978 4508 ³¹
996 4475 1060 4526 ocia
1072 4477 1162 4525 2...5...
1196 4471 1219 4505 ³⁸
1237 4474 1296 4536 Qua
1312 4478 1334 4524 1,
1370 4473 1393 4507 ⁸⁸
1410 4491 1454 4526 va·

167 4560 271 4612 nenol'e
289 4565 314 4612 1.
360 4559 383 4593 ⁸²
400 4560 444 4611 his
464 4564 559 4629 &app
605 4557 701 4629 inem]
722 4561 842 4612 amabile
862 4563 955 4627 2.aqq.
1007 4557 1031 4592 ⁴⁰
1047 4557 1193 4625 prestilero
1213 4562 1235 4609 1.
1293 4557 1314 4592 ⁴¹
1334 4559 1455 4610 sollicito

167 4648 221 4695 ut.
289 4643 312 4678 (ὃ
330 4643 375 4712 ab]
395 4647 422 4696 in
440 4648 498 4697 aa.
565 4644 587 4678 ⁴⁰
606 4645 697 4697 Cecus
716 4650 740 4697 1.
808 4644 831 4678 ⁵⁰
850 4644 1018 4695 certificata!
1087 4642 1197 4695 “retia
1216 4647 1241 4694 2.
1254 4660 1312 4711 app.
1370 4645 1455 4694 densa

168 4731 204 4780 7.l
257 4728 279 4761 ⁵⁷
297 4729 385 4797 quut
403 4735 427 4782 t.
440 4730 486 4782 dia.
538 4729 561 4763 ⁶⁸
579 4726 676 4782 sultis.
