3294 5408
438 388 560 447 nuaram
574 389 603 422 nt
618 364 731 424 mistus
746 388 932 431 QVBRELABVH
946 390 1031 425 LIBER
1044 388 1194 429 SECVNDVS.

375 543 493 605 Loesius
515 551 544 605 et
564 538 663 624 ty'gres
685 551 714 605 et
735 546 823 607 rona
846 544 979 606 animalia
1002 546 1104 615 vincit,

324 667 349 707 is
453 644 489 705 n
510 648 602 724 tnagis
624 646 753 707 Attalicis
775 655 877 708 aestnat
899 647 947 708 ille
969 646 1048 708 ieris.

376 746 506 816 Quantus
528 747 575 808 iiic
597 747 707 810 insidiis
729 756 826 810 tamen
849 756 892 810 est
914 756 1098 828 quantusque
1121 750 1237 821 furore,

460 849 593 921 Quantus
614 850 665 910 ubi
687 851 821 911 insanum
844 851 961 912 turbine
983 859 1086 929 pectus
1108 853 1181 930 agit,

377 951 408 1012 ln
431 970 478 1012 mc
501 959 598 1012 tantus
620 959 696 1023 erat,
720 959 857 1031 tantaque
879 952 1017 1014 efferbuit
1038 954 1096 1022 ira;

326 1074 351 1113 n
459 1054 581 1131 Quaque
604 1060 700 1132 potest
721 1056 859 1115 iamnunc
881 1063 943 1115 arte
966 1072 1074 1116 nocere
1097 1062 1189 1133 parat.

377 1156 452 1228 Quiri
475 1164 572 1216 tamen
596 1155 691 1217 eiiccit
713 1158 768 1217 nisi
790 1157 867 1236 quod
890 1156 1009 1218 nudavit
1030 1164 1164 1227 euntem,

461 1259 499 1320 Ut
520 1275 637 1336 possent
660 1259 758 1319 ciierri
781 1258 981 1319 commodiore
1003 1258 1098 1319 statui
1133 1296 1137 1304 ·
1276 1257 1463 1346 {ffiwffi

377 1359 435 1420 Res
458 1358 522 1420 tulit
543 1359 590 1420 hic
611 1378 731 1438 parvas,
754 1368 787 1420 ut
808 1360 899 1421 multo
920 1359 1005 1440 ptura
1026 1367 1172 1421 tenerent:

328 1482 353 1523 so
463 1461 538 1522 Dum
556 1463 674 1532 nocuit,
698 1462 812 1523 damnis
834 1463 917 1522 offuit
939 1461 986 1523 iiie
1009 1464 1089 1522 meis.

279 1634 285 1649 ⁸
381 1563 465 1624 Nunc
488 1564 575 1641 igitur
596 1565 695 1624 tristes
718 1565 862 1625 consumit
883 1563 988 1624 lividus
1010 1563 1115 1639 horas,
1325 1562 1464 1641 22²⁹&ss

464 1665 500 1725 Et
522 1665 588 1743 quia
612 1684 671 1726 non
693 1668 786 1744 potuit
808 1665 929 1737 laedere,
946 1684 1039 1746 ¹posse
1062 1666 1156 1744 cupit:

381 1764 464 1828 Nulla
487 1768 570 1845 quies
592 1767 649 1837 iili,
674 1775 774 1829 noctes
798 1768 952 1847 vigilantur
975 1786 1096 1837 amarae,

330 1891 355 1930 oo
463 1869 537 1929 Dum
560 1870 658 1930 solitas
681 1873 777 1931 auimo
801 1872 928 1949 concipit
949 1869 1085 1937 insidiam

295 2043 297 2047 .
382 1970 460 2031 Luce
483 1989 606 2049 opernm
628 1991 751 2039 vacuus;
774 1973 830 2033 nisi
852 1973 928 2052 quod
952 1971 1023 2032 mihi
1046 1971 1150 2034 obesse
1172 1972 1282 2051 putarit

466 2073 511 2133 Nii
534 2077 607 2152 agit,
631 2082 660 2135 et
681 2073 785 2135 studiis
807 2073 931 2134 abstinet
954 2073 1002 2134 ilie
1024 2076 1099 2143 suis,

384 2175 489 2235 lusano
512 2174 603 2235 livore
627 2194 724 2237 macer
748 2194 884 2254 caecoque
907 2194 1019 2236 veneno

332 2295 356 2336 oi
466 2276 593 2338 Pallidus
615 2286 702 2355 atque
724 2279 800 2337 intra
823 2279 933 2343 viscora
957 2285 1042 2356 rupta
1066 2280 1171 2347 misen

384 2378 448 2439 Non
472 2380 554 2440 cibos
577 2386 621 2439 est
642 2379 682 2438 iiii
705 2387 805 2457 gratus
828 2389 987 2458 mensaque
1009 2380 1126 2458 reponit

468 2481 518 2541 Vix
543 2481 617 2541 bene
640 2481 728 2541 libato
751 2481 855 2560 procula
878 2489 992 2561 sumpta
1015 2499 1114 2543 mero:

383 2583 456 2644 Ante
479 2583 596 2652 oculos,
619 2583 714 2652 ilium,
740 2591 876 2662 tanquam
898 2602 963 2651 mea
986 2591 1097 2663 perstet
1119 2585 1231 2662 imago,

333 2704 357 2745 os
467 2685 573 2746 Terret
595 2693 623 2746 et
645 2686 720 2745 hanc
743 2687 852 2745 seiam
876 2704 976 2746 coram
1000 2688 1111 2763 agitare
1133 2692 1224 2764 putat.

373 2787 507 2873 ‘Quando
523 2788 609 2865 igitur
626 2787 695 2848 nitiil
714 2788 793 2847 irunc
808 2791 955 2848 connnissi
971 2790 1088 2866 paenitet
1103 2787 1203 2857 huius,
1276 2770 1468 2874 &offlam

468 2887 504 2947 Et
525 2906 641 2967 semper
665 2889 782 2949 fraudes
804 2890 887 2950 ardet
908 2891 982 2950 inire
1005 2907 1108 2958 novae,

384 2990 430 3050 iile
453 2990 537 3051 ilecct
559 2989 657 3051 ulcisci
681 2999 709 3051 ct
732 2994 832 3051 cacos
847 2991 997 3053 stimulare
1020 2992 1151 3061 furores,

334 3112 358 3152 n
466 3092 504 3154 Ut
526 3093 644 3154 tandem
666 3093 772 3153 invidia
794 3092 893 3153 tabeat
914 3093 962 3154 illc
986 3111 1046 3153 sua.

383 3194 428 3255 Tu
451 3214 582 3275 quoquc,
606 3197 665 3257 sire
686 3195 777 3274 pectes
800 3197 929 3255 numeris
951 3197 1083 3256 intexere
1106 3194 1205 3264 rnaiis,

365 3378 367 3383 ³
468 3300 534 3359 Sive
556 3298 651 3377 placet
673 3298 789 3375 scriptis
812 3303 843 3358 ut
865 3296 939 3375 pede
962 3297 1036 3358 iiber
1058 3314 1142 3375 agas,

385 3400 445 3460 Ede
467 3399 592 3478 aliquid,
615 3400 666 3461 sed
689 3417 794 3478 rumpe
817 3417 932 3467 moras,
955 3398 1073 3478 impelle
1096 3406 1268 3460 nocentem:

333 3524 359 3562 u
466 3502 620 3581 Nunquam
643 3484 771 3561 oninium
795 3496 898 3562 niciius
920 3502 1070 3562 exacuisse
1092 3509 1183 3580 potes.

385 3602 435 3664 lile
457 3604 575 3682 qriiiicrn
599 3604 668 3664 sinit
690 3611 718 3663 et
740 3605 833 3664 vetitis
856 3601 925 3663 nihil
948 3603 1073 3680 imperat
1095 3605 1191 3672 ausis,

470 3705 544 3766 Dum
566 3706 648 3775 furit,
673 3707 701 3766 in
724 3706 820 3767 iuoiiio
843 3706 911 3766 sisto
935 3706 1035 3766 surore
1058 3722 1171 3766 moras:

385 3808 440 3878 Qui
463 3806 535 3867 nihil
558 3808 692 3868 innocuis
714 3816 873 3887 sanctoque
896 3808 1028 3886 pepercit
1050 3806 1191 3876 honesto,

335 3930 360 3970 so
467 3909 541 3970 lluic
563 3917 591 3970 to
614 3909 690 3970 uuila
714 3910 813 3969 sinunt
834 3926 958 3989 parcere
979 3911 1042 3971 iura
1066 3911 1137 3970 viro.

183 4148 296 4198 luceret.
332 4149 401 4198 Item
419 4148 595 4199 vomitionem
604 4128 730 4198 ⁴hominis
749 4148 851 4198 imitari
871 4148 906 4198 ud
924 4146 1114 4198 sollicitandos
1137 4163 1222 4198 cenea
1246 4162 1313 4213 quoa
1331 4144 1467 4200 invadat'.

183 4231 205 4263 *ὃ
224 4233 344 4286 immittes
362 4237 385 4283 1.
405 4235 453 4284 ced
468 4240 537 4283 uetus
554 4250 639 4284 niuniu
657 4249 700 4284 ec.
715 4237 763 4283 mei
778 4234 879 4283 induxit
896 4236 1030 4298 primunt
1082 4232 1221 4283 efferitate
1239 4248 1332 4285 omnes.

250 4316 272 4349 ⁴⁷
291 4320 378 4384 tigres
396 4323 420 4368 2.
429 4321 455 4368 3.
523 4331 585 4383 penu
604 4322 627 4369 1.
646 4321 694 4369 seri
712 4320 786 4368 llutt.
800 4326 825 4368 et
842 4325 901 4368 vett.
914 4335 945 4367 m.
959 4334 1028 4368 corr.
1085 4314 1182 4383 Poenu]
1202 4318 1315 4381 Punica,
1334 4319 1468 4383 Africano.

183 4416 244 4466 putu
263 4406 285 4452 1.
304 4406 444 4467 seducent
462 4407 763 4455 corr.uet.m.ex.mei.
814 4401 837 4435 ⁴³
855 4400 952 4469 nutat]
973 4404 1105 4455 Asiaticis.
1150 4400 1172 4435 ⁵⁰
1190 4402 1290 4455 turbine
1308 4406 1332 4453 1.
1379 4402 1401 4436 ⁵¹
1419 4405 1469 4452 iam

184 4503 255 4537 minc
274 4491 299 4538 2.
309 4492 333 4539 3.
379 4487 400 4520 ⁵⁸
418 4488 510 4552 tuitii?
523 4493 546 4539 1.
594 4490 702 4543 mutauit
718 4492 740 4539 1.
759 4492 806 4539 sed
822 4494 892 4539 recte
909 4506 978 4539 corr.
992 4496 1039 4540 oet.
1052 4506 1082 4538 nr.
1097 4489 1209 4553 ecempii
1219 4491 1268 4537 mei
1279 4486 1404 4548 nudavit,
1415 4502 1469 4552 per·

81 4583 89 4603 ·
181 4589 270 4636 perum
287 4579 335 4623 uei.
348 4591 379 4623 m.
392 4591 436 4625 ex.
453 4575 549 4640 Grypo.
563 4575 668 4626 notavit
687 4575 755 4640 quud
771 4574 890 4625 exhibent
909 4577 933 4623 2.
944 4577 968 4624 3.
1039 4572 1060 4605 ⁵⁸
1079 4573 1170 4625 obfuit
1187 4576 1248 4623 23.
1319 4571 1340 4604 ⁵⁰
1359 4576 1432 4626 leuitt
1448 4574 1468 4620 l·

184 4656 205 4685 ⁸⁰
223 4662 313 4707 sumtu
330 4661 390 4709 23.
454 4659 476 4691 ⁶⁰
494 4659 584 4724 νηπίω
603 4662 626 4709 1.
645 4659 770 4727 poenitet
787 4662 811 4709 2.
821 4662 846 4709 3.
899 4657 922 4690 7⁰
940 4655 1027 4724 ardet]
1047 4658 1130 4709 audet
1147 4662 1173 4708 2.
1181 4662 1207 4709 3.
1220 4664 1323 4708 temere.
1341 4661 1391 4708 seii
1406 4663 1470 4708 recte

185 4744 209 4790 2.
231 4740 370 4795 *tetrennia
424 4742 445 4775 ⁷³
464 4745 556 4797 intent
573 4744 661 4798 ruatis
675 4749 698 4794 1.
716 4744 764 4794 sed
780 4751 838 4794 oete.
852 4760 882 4793 m.
896 4759 966 4794 corr.
