3294 5408
181 345 249 417 144
269 374 391 413 ”mli
403 373 440 411 ΑΙ)
449 375 514 411 688·
522 375 736 412 ΙΔΧΙΙῙΗᾹΠΙ
748 376 783 411 VT
792 375 905 413 BEGLV!
915 376 944 411 lii
955 375 1080 412 VENRTOB
1091 362 1464 418 Psoan.nxnonnsn081v'u·

377 533 532 594 Germana
553 531 667 593 virtutis
689 539 753 593 erat
774 549 878 610 gerere
900 549 982 593 arma
1004 539 1142 609 repente,

326 622 364 664 ⁴⁸⁰
458 635 631 714 Quanquam
653 634 761 696 indicta
783 633 898 704 forent,
922 653 1003 695 arma
1026 652 1145 696 movere
1167 635 1258 712 prius.

376 735 453 797 Proh
477 736 587 816 pudor!
609 737 653 797 ira
677 737 774 797 animo
795 735 915 806 subeat,
940 736 1093 798 clementia
1116 743 1225 803 cesset,

460 839 582 918 Unaque
605 839 642 898 sit
663 840 756 899 virtus
778 837 888 899 bellum
910 840 1011 901 iniisse
1033 841 1101 901 cito.

376 939 529 1011 Quondam
551 948 652 1002 nostra
675 941 746 1001 ioris
767 938 858 1001 multa
880 943 1037 1003 Germania
1059 941 1145 1003 laude

325 1062 364 1105 sss
460 1041 603 1106 Gentibus
625 1044 739 1104 invictis
760 1043 879 1105 nomine
901 1052 999 1105 terror
1022 1052 1098 1105 erat:

299 1218 303 1227 ‚
378 1145 463 1206 Nunc
484 1146 634 1224 quatimur
655 1147 742 1207 toties
764 1146 864 1207 vicinis
886 1146 1016 1224 undique
1038 1145 1124 1208 bellis

461 1247 497 1309 Et
519 1249 578 1308 ruit
599 1249 629 1309 in
651 1247 777 1327 populos
798 1247 935 1328 quaelibet
956 1249 999 1308 ira
1022 1255 1096 1309 tuos.

378 1349 437 1410 Nee
460 1357 558 1411 tamen
580 1351 634 1411 ista
656 1348 777 1429 loquor,
801 1369 860 1431 qno
882 1355 916 1410 te'
935 1350 980 1410 his
1001 1351 1031 1410 in
1055 1348 1171 1411 casibus
1192 1356 1260 1410 ante

324 1470 363 1512 na
458 1452 593 1530 Unquam
615 1452 689 1513 adeo
711 1470 817 1531 segnes
840 1453 934 1513 dicam
957 1451 1096 1514 babuisse
1118 1470 1237 1522 manus,

376 1558 434 1615 Ant
454 1553 559 1634 procul
581 1573 598 1616 a
620 1556 699 1616 curis
721 1555 819 1616 animo
840 1563 960 1635 torpere
983 1556 1120 1625 remnso,

459 1657 606 1737 Armaque
628 1675 684 1736 pro
705 1659 809 1735 patriae
830 1657 908 1718 lenta
930 1676 1049 1719 movere
1071 1655 1165 1717 bono:

375 1757 484 1820 Notum
506 1768 550 1820 est
571 1761 706 1837 ingentes
728 1756 806 1820 bello
829 1759 953 1821 subiisse
977 1758 1109 1829 labores,

290 1938 293 1943 Ι
322 1878 362 1921 saa
457 1859 565 1923 Notum
588 1871 632 1923 est
652 1861 827 1940 tranquillos
848 1880 907 1922 non
929 1860 1068 1922 habuisse
1090 1861 1167 1930 dies,

374 1963 497 2024 Suetum
520 1965 631 2027 anteire
653 1963 720 2026 loco
742 1982 899 2043 pugnaque
922 1965 1003 2025 exire
1025 1964 1172 2040 priorem.

459 2066 554 2144 Fungi
574 2066 732 2146 aliquando
755 2067 860 2128 ducem
883 2064 982 2126 militis
1003 2064 1115 2133 officio,

374 2168 556 2229 Gaudentem
578 2170 681 2231 castris
702 2178 732 2231 et
750 2165 856 2249 'aperto
878 2170 975 2230 rivere
998 2166 1087 2228 ereio:

322 2290 361 2332 sao
456 2271 513 2343 Qui
534 2273 599 2332 ritae
621 2271 727 2334 modus
748 2279 793 2333 est
814 2289 879 2351 quae
900 2271 1049 2349 seriesque
1071 2277 1137 2330 tuae.

371 2371 452 2451 Ergo
473 2391 543 2453 age,
566 2371 641 2435 livor
661 2374 748 2445 edas,
771 2373 906 2454 rapidum
928 2390 1084 2451 compesce
1106 2370 1258 2444 labellum,

457 2476 564 2538 Desine
585 2476 622 2537 de
643 2483 724 2538 tanto
746 2477 837 2538 tristia
861 2493 932 2555 rege
953 2474 1048 2554 loqui,

374 2576 479 2640 Desine
501 2580 650 2641 Gasareos
672 2577 772 2640 titulos
794 2577 995 2658 pulchrosque
1018 2575 1149 2646 iabores,
1190 2647 1192 2651 y

322 2699 361 2741 sno
456 2679 525 2742 Vilis
546 2680 651 2751 bonro,
675 2682 791 2760 spurcis
814 2681 1020 2742 comminuisse
1043 2678 1149 2739 labris:

373 2904 511 2974 Quomam
532 2914 629 2965 nostra
650 2907 718 2963 ioris
736 2908 881 2978 proecicro
899 2907 995 2977 patria
1017 2912 1106 2960 marte
1400 2923 1458 2975 (rer)

457 2991 587 3049 Gentibus
609 2992 716 3050 invictis
738 2993 846 3057 nomine
869 3000 960 3048 terror
981 2997 1055 3047 erat:

372 3076 448 3134 Nune
470 3077 607 3153 qqatimnr
628 3079 711 3134 toties
732 3078 828 3134 vicinis
851 3077 970 3150 undique
993 3074 1073 3131 bellis

320 3176 359 3218 aas
454 3162 487 3218 iit
509 3163 564 3219 ruit
586 3163 613 3219 in
636 3163 754 3238 populos
777 3162 905 3238 quaelibet
927 3163 965 3217 ira
990 3169 1060 3217 tuos.
1401 3178 1457 3230 (esst

373 3247 434 3303 Non
459 3256 546 3305 tamen
568 3249 620 3304 ista
643 3248 756 3323 loquor,
780 3265 835 3323 quo
859 3255 885 3303 te
906 3248 957 3303 boc
978 3248 1006 3303 in
1027 3260 1143 3301 munere
1164 3246 1254 3301 dicem

457 3332 573 3407 Semper
594 3334 687 3390 adduc
706 3350 804 3409 segnes
826 3333 982 3390 cerdubae
1000 3349 1097 3389 manus

371 3419 425 3475 Aut
446 3417 542 3493 procui
565 3438 580 3476 a
601 3420 674 3476 curis
696 3422 786 3478 animo
808 3426 919 3493 torpere
941 3419 1057 3474 remisso

321 3518 358 3561 ase
454 3504 491 3560 n
512 3511 536 3560 tc
556 3521 607 3579 pro
627 3507 724 3577 patrio
742 3507 861 3579 segniter
882 3506 924 3559 r're
942 3511 1003 3559 tun:
1398 3515 1455 3569 tarot

370 3587 468 3645 Notum
492 3597 534 3646 est
555 3592 680 3664 ingentes
701 3589 765 3647 belii
786 3589 903 3647 subiisse
924 3589 1065 3656 tumuitus,

453 3674 552 3732 Notum
575 3685 617 3732 est
638 3674 801 3749 tranquillos
822 3691 962 3748 naamam
985 3672 1112 3732 babuisse
1133 3672 1206 3737 dies;
1399 3688 1456 3740 (sat)

371 3758 487 3833 Semper
508 3775 538 3817 es
559 3763 588 3816 s‘a
607 3760 675 3817 bello
693 3764 868 3834 requiemque
887 3759 1050 3833 repentibus
1070 3762 1171 3814 ermis.-
1333 3772 1455 3825 (sss...st

319 3861 359 3902 aaa
452 3845 509 3902 Hic
530 3846 592 3903 vita
614 3845 711 3903 medus
733 3855 791 3909 est,
814 3846 876 3903 brec
898 3844 1037 3919 seriesque
1061 3853 1124 3903 tuae.
1398 3858 1456 3909 (aaa)

368 3928 441 4005 Ergo
464 3948 529 4005 age.
552 3930 621 3988 livor
643 3931 722 3995 edax,
745 3931 868 4006 rapidum
889 3948 1032 4006 compesce
1054 3929 1195 3991 tabellum,

452 4016 602 4073 besmede
624 4026 700 4075 tanto
723 4020 815 4090 tarpio
836 4034 901 4090 rege
923 4016 1014 4092 ioqui.

368 4101 464 4159 Desine
486 4103 621 4161 Gaesarem
643 4103 740 4160 titulos
760 4101 945 4177 pulchrosque
967 4101 1075 4159 iabores

318 4202 356 4244 eso
452 4188 607 4246 Detrahere
624 4198 650 4245 et
670 4191 771 4263 linquae
789 4191 966 4263 suppositione
989 4195 1057 4245 treae:
1397 4200 1455 4252 (sno)

234 4388 268 4423 ⁴⁸⁸
287 4390 414 4456 quatinnr
433 4392 459 4440 3.
484 4390 608 4455 quatitur
626 4393 649 4442 4.
718 4384 751 4423 Μ
770 4389 840 4453 Quid
859 4388 938 4450 mihi,
962 4389 1047 4438 Livor
1064 4387 1146 4446 edax,
1166 4387 1280 4451 ignavos
1299 4385 1386 4436 obicis
1405 4401 1453 4435 an·

167 4477 234 4527 nos?
253 4475 324 4526 one.
337 4477 428 4527 Amor.
441 4475 463 4539 1,
478 4474 546 4539 tom.
582 4512 624 4540 „..
644 4474 730 4542 digito
750 4490 894 4541 compesce
910 4471 1068 4524 iabellnm”.
1088 4472 1144 4522 Ino.
1158 4477 1210 4523 aet.
1223 4473 1245 4521 I.
1261 4469 1317 4520 lbi).
1354 4467 1387 4502 ⁴⁰⁸
1405 4472 1452 4519 tri·

167 4557 235 4626 stis]
252 4562 357 4626 turpia,
376 4569 406 4612 at.
422 4564 445 4613 1.
458 4562 542 4626 babet,
562 4562 690 4613 sinistros
708 4576 856 4612 sermones.

233 4644 308 4688 ’θ’-’ῆ-
328 4646 369 4697 Ad
388 4648 539 4712 marginem
559 4645 676 4712 exenrpli
699 4646 753 4696 mei
773 4650 795 4695 1.
814 4651 894 4698 vetus
912 4658 1009 4695 manns
1028 4644 1176 4709 adscripsit
1194 4644 1313 4706 „Prono
1328 4643 1452 4692 Petraeo.

166 4733 259 4783 Bonos
275 4734 405 4798 princeps
424 4737 466 4782 est
483 4747 545 4783 raro
563 4732 697 4798 quietus''.
721 4730 838 4782 Scilicet
854 4729 915 4783 vult
932 4729 1000 4781 illud
1015 4729 1095 4817 Iiiad.
1111 4730 1146 4779 11.
1160 4727 1248 4780 bibl.
