3294 5408
304 389 429 426 nurum
443 387 610 423 ΟΠΙΔΙῘΔΙ
624 387 740 424 nonnul
753 385 954 424 ntuentium
968 386 1122 423 HBBOIGW.
1290 354 1363 427 339

271 543 330 605 Nos
353 544 478 621 legimus
501 560 636 621 gemmas
658 549 686 603 et
707 543 827 603 succino
851 542 946 621 prisca
970 543 1084 603 recenti

271 648 446 725 Spernimus
467 647 600 706 invento:
623 653 703 706 muta
726 653 771 706 est
792 645 954 714 industria,
977 651 1092 705 tuntum

273 750 423 809 (luerimus
446 749 588 826 ingeniis:
612 753 642 807 et
663 747 761 807 adhuc
783 748 851 825 quis
872 747 956 825 lingit
977 745 1014 806 ob
1038 746 1146 806 horum

273 850 472 927 degenerasse
494 856 611 930 petrum
634 851 755 916 virtute,
780 847 944 909 illustribus
966 849 1053 916 actis,
1103 856 1106 861 ’

220 973 257 1012 ns
273 952 346 1012 Cum
369 953 465 1013 videat
487 951 642 1030 cultusque
664 967 772 1020 noros,
795 952 946 1029 possitque
968 957 1112 1011 vetustum

272 1053 443 1114 Barbariem
468 1055 540 1115 votis
562 1053 674 1122 odisse,
698 1052 761 1112 haec
783 1059 918 1130 tempora
940 1052 1013 1112 votis

273 1155 417 1217 Omnibus
440 1154 595 1235 amplecti?
614 1144 692 1215 liam
715 1172 772 1233 qua
794 1171 854 1213 non
876 1171 982 1233 aspero
1005 1153 1154 1233 quondum

272 1257 354 1317 liicta
377 1259 471 1336 magis
494 1256 580 1318 tellus
603 1257 659 1318 alia
682 1265 741 1327 est,
765 1274 844 1316 nunc
867 1258 967 1316 omnia
989 1256 1098 1335 gignit,

274 1358 344 1419 Vina
369 1361 456 1420 etium
479 1357 698 1438 pulchrumque
721 1376 842 1419 crocum
867 1365 1019 1438 vestesque
1041 1356 1187 1437 superbus

223 1481 259 1520 no
274 1460 448 1541 velleraque
471 1469 501 1521 et
523 1460 625 1538 fruges
646 1461 802 1522 confertim
824 1467 911 1539 utque
934 1477 1022 1521 omne
1045 1458 1206 1521 metullum.

274 1563 436 1632 l’raeterec,
460 1568 492 1623 ut
514 1562 613 1640 lingis,
637 1563 732 1623 donec
755 1562 923 1623 desedimus
944 1563 1001 1622 isto

274 1663 306 1724 ln
328 1671 451 1743 torpore
473 1665 564 1743 pigri,
588 1664 717 1744 dumque
741 1664 794 1725 hos
816 1664 1004 1724 tractniimus
1026 1670 1120 1732 ortes,

273 1765 335 1826 llac
356 1766 386 1826 in
409 1768 548 1844 segnitie,
570 1767 682 1828 interea
705 1765 839 1846 quaedam
862 1766 976 1844 egimus
998 1766 1079 1825 omni

274 1867 396 1946 lngcuio
418 1876 550 1929 veterum
573 1869 683 1928 maiora
705 1886 740 1928 ce
762 1866 848 1928 laude
870 1875 1042 1945 parentum:

224 1990 260 2029 ns
275 1969 377 2032 Obiice
399 1970 554 2039 desidiam,
578 1978 729 2048 torporem
752 1977 781 2030 et
803 1967 891 2030 molle
914 1970 1044 2048 quietum

275 2071 391 2143 Obiice,
415 2071 490 2133 livor
512 2071 603 2142 edax,
625 2090 680 2133 nos
702 2071 843 2150 quosdam
866 2072 1032 2132 invenimus
1053 2081 1149 2141 artes,

275 2171 406 2243 Quarum
430 2171 507 2234 nulla
530 2175 601 2235 sutis
622 2172 739 2234 laudem
763 2171 958 2234 celebraverit
978 2181 1065 2234 aetes:

275 2275 349 2336 Nam
373 2294 438 2355 quse
460 2275 599 2355 sydereae
621 2274 730 2335 vocalis
752 2275 885 2335 machino
909 2277 1017 2336 turreis

276 2376 380 2438 lleiicit
401 2396 436 2437 ac
457 2377 566 2438 solidas
587 2375 716 2455 impulsu
739 2378 871 2438 concutit
892 2394 978 2438 arces

225 2499 262 2538 ltu
276 2478 441 2558 lloenisque
464 2487 493 2540 et
514 2481 625 2558 spissos
647 2488 769 2558 aggesto
791 2479 923 2557 pondere
947 2497 1049 2540 muros

275 2583 389 2659 Aequot
409 2580 500 2642 humo
522 2581 685 2660 sternitque
707 2581 813 2641 domus
836 2587 865 2642 et
888 2580 1012 2642 destruit
1033 2580 1139 2652 urbes,

276 2681 388 2743 Prodiit
409 2702 424 2743 c
448 2681 549 2751 nobis;
573 2700 626 2742 nos
648 2683 735 2760 primi
758 2682 931 2743 excudimus
952 2700 1011 2743 aere

276 2783 313 2844 Et
335 2784 457 2863 sculptis
479 2801 618 2844 mensura
641 2785 718 2844 notis
741 2789 784 2843 tot
805 2782 899 2852 secla,
923 2791 966 2845 tot
987 2801 1096 2853 annos,

277 2886 372 2946 Omne
393 2903 488 2963 genus
509 2884 626 2964 scripti,
650 2892 748 2946 votum
770 2892 955 2965 aeternosque
977 2883 1111 2952 labores:

277 3075 332 3133 Nos
354 3074 471 3150 legimus
493 3091 628 3148 gemmam
651 3083 679 3131 et
701 3093 754 3150 qua
777 3092 831 3132 nou
853 3092 949 3151 aspera
971 3075 1108 3151 quondam
1253 3093 1310 3144 (ns
1325 3093 1372 3146 rer)

278 3163 352 3218 Dicta
375 3159 567 3234 magistellos
589 3160 641 3216 alia
664 3169 719 3222 est,
742 3177 815 3217 nuuc
837 3161 927 3218 omniu
949 3160 1052 3236 giguit,
1313 3177 1370 3229 (rui

278 3246 342 3302 Vina
364 3246 444 3302 etiam
467 3245 666 3320 pulchrumque
688 3263 797 3302 crocum
821 3254 966 3320 vestesque
988 3245 1120 3321 superbas

278 3330 435 3405 Velleraque
458 3339 486 3386 et
504 3331 641 3403 pecudes.-
663 3348 713 3387 nos
736 3331 866 3405 quasdam
888 3331 1040 3388 invenimus
1062 3339 1152 3394 artes.
1254 3347 1309 3397 (rso.
1326 3348 1371 3399 rosi

229 3432 265 3473 iro
279 3414 397 3483 Quarum
421 3414 493 3472 nullu
516 3418 582 3474 sutis
605 3416 709 3473 laudem
731 3415 908 3473 celebraverit
931 3425 1013 3473 aetos:
1314 3433 1371 3484 (tsi)

277 3501 342 3557 llum
365 3518 426 3575 quae
448 3501 566 3557 sidereos
588 3500 688 3558 voculis
710 3501 832 3558 machina
855 3510 944 3557 turres

280 3585 374 3642 lteiieit
395 3594 422 3653 et
442 3584 544 3642 solidas
567 3585 686 3660 impulsu
708 3586 831 3643 concutit
852 3603 929 3644 arces

280 3671 430 3745 lloeniaque
453 3679 481 3728 et
502 3671 609 3746 spissos
631 3678 763 3745 congesto
787 3670 907 3746 pondere
923 3687 1017 3728 muros

280 3757 385 3829 lequel
408 3757 488 3812 liumo
512 3757 665 3829 sternitque
687 3757 784 3812 domus
806 3765 835 3813 ct
856 3756 975 3813 destruit
997 3755 1095 3818 urbes,

230 3857 265 3897 re.
280 3840 384 3897 Protin
405 3857 420 3895 a
443 3838 535 3904 nolim
557 3841 613 3896 Nos
634 3840 751 3914 primum
773 3842 941 3898 excurrimus
963 3858 1018 3897 aere

208 3938 220 3945 ”
279 3923 311 3980 Et
334 3925 449 3999 sculptis
472 3942 599 3982 mensuro
620 3925 694 3982 uotis
715 3933 758 3981 tot
780 3924 876 3989 saeclu,
900 3934 942 3983 tot
963 3942 1064 3988 runos,

280 4010 363 4065 Omne
386 4026 472 4082 genus
494 4009 605 4084 scripti,
628 4018 718 4067 vatum
741 4019 914 4085 aeternosque
935 4009 1047 4068 labores
1315 4025 1373 4078 (req

146 4191 176 4224 ¹⁴¹
197 4192 274 4256 „Soli
293 4192 412 4242 omnium
431 4192 585 4248 succinum,
610 4191 681 4259 quod
704 4192 758 4258 ipsi
781 4191 887 4259 glesum
909 4198 1026 4256 vocent,
1051 4194 1125 4244 iuter
1146 4191 1220 4246 vods
1243 4197 1326 4257 utque
1346 4192 1374 4241 iu

10 4277 14 4282 ’
76 4277 138 4341 ipso
156 4276 237 4327 litore
256 4275 378 4343 legunt”.
402 4277 482 4326 Tacit.
494 4276 513 4325 l.
527 4292 551 4326 c.
565 4276 607 4326 45.
673 4273 705 4308 ¹⁴⁷
724 4277 863 4347 ‚‚Tet·rs..
877 4277 906 4326 in
924 4278 1080 4328 uuiversum
1099 4282 1148 4328 eut
1165 4275 1245 4328 silvis
1261 4275 1374 4326 horride

78 4367 127 4411 eut
139 4361 287 4426 paludibus
300 4359 403 4412 ioeds''.
425 4361 505 4411 Tacit.
519 4359 537 4410 l.
552 4377 576 4410 c.
589 4361 615 4410 d.
651 4359 685 4392 ¹⁴⁹
698 4359 840 4423 „Proiimi
853 4361 920 4426 ripae
935 4367 963 4412 et
975 4362 1067 4412 uinum
1086 4364 1271 4415 mercentur''.
1291 4359 1373 4411 Tacit.

77 4444 96 4494 l.
112 4461 137 4495 c.
149 4445 192 4496 23.
250 4442 370 4512 crocum]
390 4444 515 4496 Celebris
533 4445 650 4495 Hutteni
668 4449 793 4511 tempore
811 4444 966 4512 Thuringie
985 4446 1119 4512 imprimis
1138 4445 1247 4496 culture
1264 4444 1374 4511 plenta·

77 4544 137 4580 rum
155 4530 349 4580 tinctoriemm
368 4531 430 4580 luit.
500 4525 580 4595 vest]
599 4530 637 4580 cl.
654 4530 735 4579 Tacit.
755 4528 774 4580 1.
788 4546 811 4580 c.
827 4529 865 4579 li.
921 4528 953 4562 ¹⁸⁹
971 4530 1063 4593 „Quid
1081 4531 1164 4593 mihi,
1183 4531 1268 4580 Livor
1286 4528 1374 4579 edm

77 4613 126 4665 &c
146 4614 217 4666 Ouid.
230 4616 321 4665 Amor.
334 4616 355 4664 1.
371 4614 437 4676 lom.
491 4612 523 4646 Μ
543 4612 691 4679 ‘iutelligit
707 4613 998 4664 bombardss'.oet.m.
1052 4612 1085 4646 ¹⁶⁴
1103 4615 1213 4678 Votum,
1233 4620 1278 4664 tet.
1294 4618 1318 4664 2.

147 4730 180 4764 ¹⁸⁸
198 4705 263 4800 Nos]
282 4735 340 4784 Hos
359 4738 382 4784 1.

1073 4818 1141 4881 22·
