3294 5408
92 429 265 465 nnrrrnrnrr
279 428 383 464 nrznnr
396 426 557 463 rnrvururs
570 425 709 462 noeronrs
723 425 867 462 narentur
881 425 1128 463 s.ror.ctrrrorr1s
1142 428 1292 465 erconron.
1314 401 1383 471 421

295 582 341 643 Nil
364 581 440 642 ultra
463 580 573 642 andero
595 587 625 642 et
648 583 788 641 victorem
811 596 973 657 agnoscere
997 582 1106 651 victos,

295 685 378 745 [licat
399 683 449 752 lo,
473 684 497 743 si
519 701 552 744 se
574 685 654 742 norit
677 682 850 752 Germania,
873 682 960 745 dicat.

337 786 397 847 lam
422 803 546 845 vacuum
569 784 648 845 curis
670 789 758 861 atque
780 783 939 845 ambitione
961 784 1088 847 solutum
1207 787 1300 869 lpffl
1379 806 1389 815 ·

296 888 505 966 Viventemque
527 885 582 947 sibi
604 885 779 964 reliquoque
802 887 920 947 suavius
942 889 984 948 uti

245 1012 282 1051 rsa
296 989 446 1068 Tempore
468 995 651 1068 quaerentem
674 987 769 1048 studia
792 988 868 1049 inter
891 996 991 1050 sancta
1013 989 1164 1069 librosque

298 1092 359 1152 Lite
381 1090 512 1167 relegata
535 1092 645 1151 lessnm
669 1089 858 1168 cretumque
881 1097 999 1151 senecta

294 1194 430 1255 Invasere
453 1211 554 1254 senem
576 1192 752 1262 innocuum,
775 1190 817 1252 nil
839 1190 897 1252 talc
919 1200 1093 1255 merentem.

295 1295 403 1356 Caussa
426 1296 504 1356 riros
527 1294 631 1362 movit,
656 1293 723 1372 quia
746 1293 786 1354 nil
808 1312 965 1373 superesse
988 1295 1125 1357 ridebant

295 1398 365 1458 Post
386 1396 539 1458 Bonnense
561 1392 689 1474 nephas,
712 1413 772 1474 quo
794 1414 827 1457 se
848 1397 1002 1475 inquinare
1024 1397 1139 1460 liceret:
1314 1401 1383 1479 mh

246 1521 282 1561 rao
297 1499 465 1579 Resperere
488 1498 552 1568 diu,
576 1496 686 1576 placuit
708 1499 857 1577 Capnione
880 1506 1000 1578 reperto

296 1601 426 1663 Exerere
449 1600 564 1661 invidiae
585 1598 721 1660 stimulos
743 1599 920 1679 solitumque
943 1618 1103 1671 venenum;

296 1702 452 1771 Sollicitis,
477 1721 536 1781 qno
559 1702 704 1781 principie
728 1721 760 1763 se
783 1704 939 1779 accingere
961 1711 1083 1783 possent

295 1805 434 1884 l'lagitio,
458 1821 545 1865 curas
567 1804 710 1864 recutitus
733 1810 864 1883 apostata
887 1803 973 1864 solvit
1246 1806 1387 1886 ‚lg-‚J'lgggp‘

296 1906 515 1984 Consiliumque
537 1905 631 1976 dedit,
654 1905 705 1966 sed
730 1923 816 1967 versu
838 1905 938 1968 dicere
961 1907 1068 1969 durem
1091 1917 1136 1972 est

245 2011 319 2070 real
342 2009 453 2089 piperis
475 2025 568 2087 grano
591 2008 772 2070 Germanum
795 2025 902 2069 nomen
925 2009 1031 2087 adepti.

295 2111 381 2172 Hune
403 2108 473 2170 olim
495 2126 598 2188 peenas
620 2111 797 2188 fugientem,
822 2117 952 2172 extrema
975 2118 1126 2184 secutum,

296 2210 472 2292 Opprobriis
493 2218 666 2290 coopertum
689 2206 839 2272 hominem
860 2214 998 2292 famaque
1019 2214 1136 2276 sinistra

295 2312 468 2392 l'lagitiique
490 2331 590 2381 reum,
614 2311 800 2374 simulantem
824 2332 859 2375 ac
880 2314 971 2376 multa
992 2323 1163 2386 verentem,

296 2416 338 2477 ,td
363 2415 470 2477 Christi
491 2422 609 2476 traxere
631 2415 734 2476 tidem:
758 2415 918 2494 prestabat
939 2418 969 2478 in
991 2415 1039 2479 illa

245 2539 282 2580 no
297 2515 459 2595 llelligione
480 2518 556 2577 mori
580 2524 609 2577 et
630 2535 685 2595 pro
708 2517 792 2578 iactis
814 2516 928 2581 solrere
950 2537 1051 2598 poenas

297 2618 390 2690 Quam
414 2618 523 2680 bellum
546 2637 581 2679 ac
604 2618 696 2679 ludas
717 2618 871 2680 nobiscum
895 2621 1059 2683 accendere
1081 2621 1154 2685 lites.

295 2721 401 2783 Nescio
424 2738 490 2800 quae
511 2720 634 2782 stolidus
656 2728 823 2782 commenta
845 2722 958 2783 edenda
981 2731 1113 2802 pararat,

297 2825 383 2885 Certe
405 2822 518 2903 aliquas
540 2840 649 2901 nugas,
672 2823 774 2901 patriae
796 2829 908 2884 secreta
932 2822 1042 2886 relictae
1216 2827 1313 2869 cronno
1327 2828 1388 2863 ma.

1215 2872 1263 2904 attur
1276 2869 1300 2905 Ca
1315 2871 1366 2906 elon.

296 2927 387 2987 Sacra
409 2923 581 2986 recludebat
604 2923 776 3001 ludaeosqne
798 2925 866 3001 igne
890 2927 1066 2987 cremandos
1302 2880 1314 2915 Ρ

246 3050 282 3090 ns
298 3029 416 3089 Censuit
437 3045 502 3089 esse
523 3025 630 3095 libros,
654 3026 822 3105 passimque
844 3027 907 3089 baec
930 3028 1006 3089 edita
1029 3030 1112 3091 iussit

296 3130 367 3191 Esse
389 3128 486 3208 palam
511 3127 678 3208 populoque
701 3127 773 3207 legi,
795 3129 913 3207 iamque
936 3130 964 3191 id
989 3131 1053 3193 lore
1076 3149 1214 3208 magnum

298 3231 473 3293 Crediderat
495 3248 647 3310 nugasque
668 3248 738 3291 suas
759 3229 898 3291 laudabat
919 3232 1052 3312 ineptum

295 3333 371 3394 Tum
395 3332 466 3394 dare
489 3333 643 3395 consilium
667 3334 776 3393 nostris
798 3333 983 3412 magnatibus
1006 3354 1095 3397 ausus

298 3434 397 3497 Bellus
419 3434 508 3495 horno
532 3433 669 3513 gravibus
691 3453 825 3496 caussam
848 3435 884 3498 de
907 3436 998 3498 rebus
1020 3437 1136 3516 agebat.

245 3560 282 3600 rae
297 3537 405 3598 Contra
427 3536 536 3615 aliquid
560 3536 665 3598 Noster
688 3537 764 3598 lacto
787 3536 938 3600 consultus
961 3538 1065 3600 eodem

297 3641 478 3717 Scripserat,
502 3639 622 3718 ignarus
644 3640 713 3717 qnid
736 3640 938 3719 proposuisset
959 3640 1068 3719 Apella.

297 3743 407 3820 ,lrripit
428 3740 475 3801 bie
498 3758 615 3811 ansam,
641 3750 758 3803 rentum
782 3743 883 3804 estad
907 3744 1016 3820 iurgia,
1040 3745 1129 3805 morit

297 3844 434 3923 Magnum
458 3845 587 3905 animum
611 3844 725 3905 ludens
748 3844 854 3915 homo,
877 3843 974 3906 scelus
996 3863 1085 3907 omne
1108 3846 1215 3908 relellit

297 3946 332 4005 Et
355 3964 409 4024 pro
432 3966 464 4006 se
486 3945 557 4006 dicit
578 3946 725 4024 Capnion,
749 3947 916 4026 iterumque
938 3946 1079 4008 rebellem

247 4070 283 4109 rsa
298 4047 334 4108 m
357 4046 496 4126 quiddam
518 4046 639 4108 sceleris
662 4047 793 4109 molitum
817 4049 969 4127 insigniter
991 4052 1051 4111 acri

163 4269 195 4302 ¹⁵⁶
212 4271 339 4319 Exeuute
352 4283 425 4318 anno
439 4266 513 4318 1455.
527 4267 646 4318 Ioannes
659 4268 829 4320 chchlinus
848 4270 978 4320 nascitur.
1036 4269 1067 4303 ¹⁵⁸
1085 4271 1251 4323 creseat.
1296 4270 1388 4322 ¹⁵⁹ne·

96 4355 140 4405 fes
165 4358 254 4404 r.r.7.
312 4354 356 4403 De
374 4353 509 4403 Berrrensi
527 4352 634 4403 scelere
654 4358 682 4403 ct
698 4354 807 4405 Ietzero
824 4354 1018 4420 Wigandoqrre
1036 4356 1109 4405 Wirt
1126 4357 1196 4407 satis
1214 4357 1287 4407 alios
1306 4357 1387 4407 adno-

95 4440 214 4489 tavimus
233 4443 261 4488 et
279 4438 442 4488 conferendi
461 4444 524 4489 sunt
543 4438 617 4488 inira
635 4453 731 4489 verane
749 4438 808 4489 315.
821 4455 879 4504 sqq.
932 4439 1125 4505 coinquinare
1144 4444 1217 4491 mule.
1272 4439 1301 4473 ”’
1321 4443 1387 4491 Ere·

95 4541 158 4575 xerc
179 4527 271 4576 3.r.7.
292 4525 361 4589 qnod
377 4530 448 4575 reete
465 4526 514 4574 aed
529 4525 556 4573 in
575 4539 623 4573 non
642 4526 748 4575 merenti
767 4525 879 4574 Hutteno
898 4527 1025 4590 vituperat
1045 4525 1177 4575 Christiru.
1236 4524 1268 4557 ¹⁶³
1286 4527 1388 4592 Peper-

95 4608 164 4658 lrorn
183 4613 210 4661 3.
224 4608 249 4657 r'n
268 4624 348 4673 marp.
408 4609 514 4659 Nomen
532 4608 708 4659 Pfollerkoru
727 4610 861 4660 creticum
881 4609 951 4659 lacit
969 4625 1048 4674 quem
1067 4625 1122 4660 non
1140 4611 1242 4675 recipit
1259 4610 1387 4661 hexame-

95 4699 147 4743 ter.
218 4691 250 4723 ”’
269 4690 328 4758 illa]
348 4693 471 4744 Iudaica.
538 4691 570 4726 ¹⁷²
588 4693 704 4759 [edenda
724 4696 784 4746 Μ.
851 4692 882 4725 ”’
900 4693 1064 4747 eniteat.
1136 4694 1166 4727 ¹⁷7
1184 4695 1386 4747 laudatiora.

97 4776 128 4809 ”’
147 4793 259 4829 eausam
279 4780 338 4828 Μ.
347 4782 369 4828 7.
