3294 5408
278 413 457 466 ADDENDA
468 413 517 465 ΑΙ)
531 412 616 465 Vols.
629 413 666 464 11.
685 408 866 464 cccxxxxn*.
880 424 1010 464 recussu
1024 425 1146 464 sinsus
1159 422 1365 464 rossensem.
1396 396 1470 468 555

377 587 453 645 Hinc
474 588 560 660 aqiles
583 586 783 643 Robcrtiadum
803 585 942 642 colludere
963 591 1086 642 mentes:

379 670 529 745 Epreqinm
547 673 626 743 quini
641 674 813 728 comitantur
830 685 950 742 namque
967 676 1116 742 parentem

328 775 367 817 loo
382 757 527 824 Germani,
547 773 664 829 quoram
685 758 777 812 nullus
794 759 860 828 quin
881 755 950 810 bella
972 758 1060 811 cieret

377 841 574 915 Proesentique
594 844 685 897 animo
704 841 808 897 Fabios
826 845 954 913 aequaret
976 846 1004 896 ct
1025 846 1096 897 arte.

379 927 485 984 Nomen
506 927 590 981 babet
608 929 703 982 senior
718 929 840 999 primum
861 928 1051 998 inqeninmqne
1071 931 1238 997 paternum:

377 1012 431 1070 llle
451 1013 598 1069 cicatrices
615 1016 644 1067 et
664 1017 756 1068 mento
776 1017 805 1068 et
819 1012 919 1084 fronte
938 1011 1077 1084 superbas

293 1124 299 1138 ·
381 1096 524 1164 Ostentot,
545 1111 596 1153 nec
616 1113 691 1153 nunc
711 1098 809 1169 recipit
829 1098 959 1154 metuitoe
974 1097 1121 1168 periclum.

330 1200 367 1241 ius
381 1182 467 1239 Hunc
488 1198 543 1237 nan
565 1182 689 1238 dissimili
705 1181 854 1239 Guilelmus
873 1186 989 1253 pectore
1011 1183 1118 1253 tonqit,·

383 1268 491 1325 Doctus
516 1265 638 1323 loannes
657 1269 837 1340 sequiturque
858 1268 995 1322 Arotonias
1017 1267 1107 1334 illum,

380 1351 435 1421 Quoi
452 1352 649 1425 fortunarum,
672 1354 721 1424 qni
740 1352 802 1407 dax
821 1358 971 1422 rectorque
992 1366 1118 1406 mearion

380 1436 463 1494 Inter
485 1438 637 1509 Apollinea
654 1437 750 1492 doctos
770 1437 944 1492 doctissimus
960 1438 1049 1498 artis,·

379 1521 455 1590 llos,
477 1523 602 1594 quamuis
623 1524 764 1584 minimus,
784 1522 919 1595 Cyriacus
935 1520 1068 1592 pacibus
1088 1524 1182 1594 aquis.

329 1622 368 1664 roo
383 1607 494 1680 qunea
513 1607 600 1662 medio
621 1624 737 1679 quorum
757 1622 840 1662 soror
860 1608 969 1680 oqminc
989 1620 1054 1662 ooce

380 1692 512 1749 Carmina
534 1694 673 1748 concimdt
695 1691 763 1747 diois
784 1696 812 1748 et
832 1691 1074 1764 Apollinemque,

379 1778 471 1851 Atque
485 1794 602 1849 parum,
623 1778 678 1832 nisi
691 1777 834 1849 propicius
850 1777 916 1832 mili
935 1777 1053 1832 reddere
1073 1775 1163 1844 diros,

380 1861 519 1919 [adinum
535 1862 649 1918 Paridis
670 1877 705 1917 ne
726 1862 869 1917 dirimeret
890 1862 952 1927 illa,
972 1874 1096 1917 uererer.

382 1947 483 2003 Tristis
503 1953 534 2002 at
556 1964 574 2002 a
595 1953 673 2019 terqo
695 1947 819 2003 Nemesis
840 1948 993 2002 condiatur
1013 1948 1111 2001 euntes

327 2047 366 2088 ios
382 2032 579 2106 Syleosomque
595 2049 680 2088 mann
701 2031 788 2104 (dictu
809 2028 943 2102 mirabile)
961 2030 1035 2103 sorti

379 2118 541 2174 Ardennam
563 2117 677 2173 abactis
694 2117 829 2189 portabat
851 2116 963 2172 collibus
982 2121 1068 2189 atque

381 2202 522 2275 Collapsos
544 2203 672 2259 domuum
690 2216 785 2258 muros
803 2206 830 2257 et
850 2201 950 2274 ferrea
967 2201 1096 2256 claustra

380 2288 589 2360 Despectatque
610 2288 671 2342 imis
691 2292 822 2360 aequotos
842 2286 958 2343 callibus
976 2300 1075 2347 arces5

380 2372 486 2446 Muqaa
508 2378 601 2428 tomen
618 2374 678 2429 riou
694 2377 821 2444 praestat
842 2373 944 2427 solatio
965 2371 1057 2427 uirtus

328 2473 368 2515 no
381 2457 449 2525 Qua
463 2460 555 2530 parit,
573 2462 606 2513 ot
622 2464 727 2530 partos
748 2459 833 2514 etiam
850 2472 913 2514 sors
930 2455 1029 2528 perdit
1049 2454 1184 2512 bonores.-

381 2543 435 2598 llla
459 2545 504 2599 sui
521 2544 622 2599 saltem
637 2545 761 2614 pretium
783 2546 826 2598 est
848 2545 874 2598 si
892 2547 990 2598 cetera
1011 2540 1115 2608 desiit,

378 2628 453 2684 Huic
474 2630 501 2684 si
516 2629 584 2701 quid
599 2628 670 2683 desit
682 2645 769 2699 pana
792 2634 834 2683 est
855 2629 1011 2684 certissima
1034 2640 1148 2680 merces.

379 2711 489 2768 Ooetera
505 2728 569 2785 quoe
588 2713 718 2784 deinceps
738 2713 794 2768 aidi
810 2712 1015 2783 pulcherrimo,
1036 2708 1140 2778 Musae,

380 2796 486 2862 Dicite,
509 2799 631 2852 oestrum
653 2812 724 2868 opas
745 2801 789 2852 est
812 2799 889 2851 tanti
910 2796 1064 2850 meminisse
1080 2796 1215 2867 triammd

329 2893 367 2934 215
384 2880 422 2935 Et
444 2894 599 2935 memorare
615 2882 702 2946 ciros,
725 2897 825 2953 maqno
847 2884 898 2955 qui
915 2879 1004 2935 laudis
1021 2893 1117 2934 amore

379 2964 534 3020 Aethereos
553 2965 652 3020 tollunt
672 2966 796 3038 aeplecto
817 2980 935 3037 corpore
956 2969 1077 3019 mentes:

379 3050 513 3106 Humana
534 3051 690 3122 inqreditur
710 3052 803 3124 specie
823 3051 897 3123 qnod
918 3051 1009 3105 nescio
1027 3049 1118 3104 moins

381 3135 573 3208 Spectaclam‚
594 3137 648 3192 sire
666 3136 719 3193 lioc
739 3138 849 3192 novitas
868 3137 1015 3208 anqustius
1036 3148 1096 3189 esse

380 3221 493 3277 Fecerit
513 3226 564 3275 aut
586 3236 633 3276 res
650 3222 711 3294 qosa
733 3237 787 3277 sua
800 3238 858 3294 pro
878 3222 1038 3286 monitate,

327 3320 367 3360 eto
382 3305 578 3361 Hartmundus
599 3307 685 3362 lateri
704 3308 809 3364 niciam
827 3306 993 3361 Mercuriali

188 3435 200 3467 ι
379 3391 517 3445 Auratam
538 3393 643 3465 oirqam
666 3391 850 3464 Cronberqins
872 3389 1065 3462 anteferebat:

380 3474 429 3530 llti
449 3477 610 3548 mellifluam
630 3482 707 3532 recto
726 3477 854 3550 spirabat
873 3476 975 3531 abore

380 3559 474 3615 Sermo
495 3566 580 3635 atque
600 3568 724 3618 erectam
742 3579 797 3634 pro
819 3561 950 3618 libertate
968 3560 1084 3633 qerebat

378 3645 500 3718 lasiqni's
517 3645 638 3719 faciem,
659 3651 766 3702 rectum
786 3649 875 3714 lotus,
896 3647 987 3702 omnia
1010 3649 1106 3713 recta,

328 3744 366 3786 aas
383 3731 473 3786 Recta
496 3747 609 3801 manus,
631 3733 687 3787 leni
701 3737 804 3805 pectus
825 3732 962 3804 ‹oqnobile
982 3732 1057 3796 risu,

380 3817 508 3873 Crinibus
529 3823 558 3872 et
579 3833 648 3873 raro
666 3819 775 3889 sparsis
795 3816 970 3890 niqruntibus
990 3815 1067 3870 albo:

380 3899 429 3957 Nil
447 3918 502 3957 non
524 3904 649 3968 mireris,
672 3904 712 3958 nit
732 3919 787 3958 non
809 3903 951 3959 venereris
971 3902 1000 3956 in
1022 3901 1082 3966 illo,

380 3984 476 4058 Ipsius
498 3992 530 4042 ut
553 3988 622 4043 licor
641 3989 681 4043 nii
700 4003 755 4043 non
775 3986 908 4060 fastidiat
929 3985 1045 4047 normis

380 4070 427 4127 Sic
447 4072 539 4127 oculos
559 4074 622 4128 lato
642 4072 764 4128 volvebat
784 4073 886 4129 lumine
904 4076 1012 4137 rectos,

327 4169 365 4211 aso
382 4155 449 4212 Tale
466 4159 589 4224 animus,
610 4174 661 4214 cor
682 4159 740 4214 tale
761 4158 890 4225 bominis,
914 4171 990 4212 mens
1013 4156 1070 4212 tole
1090 4155 1203 4223 diserti,

244 4353 277 4386 ¹⁸⁸
294 4352 505 4422 Robertiudum]
520 4358 536 4408 i.
550 4373 573 4408 e.
586 4355 702 4408 Roberti
714 4357 747 4407 de
761 4356 865 4418 Marcu,
885 4355 1090 4406 Arduennensis
1104 4356 1174 4420 apri,
1187 4355 1346 4421 progenies.
1366 4354 1402 4404 ci.
1416 4355 1470 4406 vol.

174 4438 196 4489 l.
209 4455 235 4504 p.
250 4436 307 4489 116.
321 4454 383 4489 cum
402 4439 464 4493 odd.
477 4440 530 4491 vol.
545 4442 579 4492 IL
593 4458 619 4507 p.
633 4441 691 4495 487.
762 4440 793 4474 ¹⁸⁰
812 4456 920 4506 nonque
939 4446 971 4490 ld.
1043 4438 1197 4506 parantem]
1223 4437 1399 4489 wilhelmum
1417 4440 1468 4490 111.

175 4521 450 4590 u.147.'›...1511.qui
469 4525 542 4575 inira
559 4527 713 4577 recensitos
732 4526 834 4577 liberos
854 4542 887 4575 ex
905 4525 995 4576 alteru
1012 4534 1098 4576 uxor‘s
1117 4523 1232 4587 Sibylla,
1251 4522 1360 4573 Albcrti
1377 4522 1470 4573 Achil·

173 4606 210 4657 lis
226 4608 503 4675 Brundeuburgonsis
520 4609 594 4672 filiu,
613 4611 744 4662 habebat.
810 4608 842 4643 ¹⁰⁸
859 4616 951 4661 mente
970 4616 1003 4663 ll.
1057 4607 1089 4641 ¹⁸⁶
1108 4607 1273 4659 Guilislmus
1290 4613 1323 4656 Ι.
1378 4605 1410 4640 ¹⁹⁸
1427 4624 1470 4659 se-

175 4691 269 4756 qnitur
286 4707 366 4757 quem
383 4699 418 4743 Ι.
453 4692 486 4726 ¹⁸⁹
505 4693 632 4746 ciriacus
644 4702 676 4745 11.
718 4694 752 4727 ¹⁰⁰
769 4695 877 4761 (lignes
889 4701 922 4746 ld.
962 4695 997 4728 θ’·
1014 4694 1175 4746 Andennsm
1187 4698 1222 4742 Ι.
1261 4691 1295 4726 ¹⁰0
1312 4693 1469 4759 Despectit·

176 4789 229 4839 quo
241 4779 274 4826 11.
309 4774 344 4809 ²¹⁰
355 4783 437 4844 partu
449 4782 481 4831 Ι.
533 4777 567 4813 ²¹⁸
585 4784 718 4847 augustus
735 4784 768 4831 Ι.
820 4777 855 4813 '¹⁰
872 4781 996 4832 Hartmut
1011 4796 1059 4832 ron
1076 4779 1219 4846 crambem.
1270 4775 1305 4812 ¹¹⁰
1320 4779 1359 4828 sic
1375 4783 1409 4833 1.
