3294 5408
163 343 238 415 408
392 371 516 407 uvarum
528 371 558 407 IN
571 369 687 406 IOANNIS
700 371 736 405 nc
749 369 859 406 uvabunt
873 370 1028 406 INTNRITVN
1040 370 1244 407 nnnaoamo.

316 550 353 590 ico
368 528 456 589 Ferte
479 524 700 596 caeretanus,
724 525 787 586 baec
810 533 982 585 ornamenta
1005 544 1149 606 supremo

367 629 542 689 Nandentur
566 628 674 701 cineri;
698 645 800 688 manes
823 635 873 687 ant
894 635 962 688 ante
983 627 1115 709 sepultos

368 732 425 792 ista
448 731 618 811 superstitio
640 730 720 790 iurat
741 738 791 790 aut
814 731 961 792 censenda
983 733 1083 791 iuvare
1105 737 1160 791 est.

366 832 514 910 Piangite,
537 831 719 893 Francorum
743 850 897 911 proceres,
922 832 1062 893 effundite
1084 832 1186 903 ssatus,

369 934 406 995 m
427 952 502 1014 quos
524 934 629 1013 Nogus
650 934 709 994 adit
731 933 847 1015 popuii,
871 941 901 994 et
922 953 997 1014 quos
1018 933 1137 996 Dubera
1160 954 1262 996 rauco

318 1059 355 1098 uc
369 1038 463 1097 danne
486 1034 566 1098 celer
588 1037 666 1097 iuxta
691 1043 749 1107 est,
774 1042 802 1096 et
824 1054 899 1114 quos
920 1036 1064 1116 Begnisus
1085 1037 1234 1107 inundat,

369 1137 449 1209 Quos
471 1140 555 1218 parvi
576 1144 657 1200 secat
678 1138 756 1199 unda
780 1137 869 1208 Salae,
893 1141 1048 1219 sparsique
1071 1138 1213 1200 bibentes

370 1240 494 1302 Flumen
517 1239 667 1310 iaccbisti,
692 1259 743 1302 vos
765 1242 816 1320 qui
837 1239 958 1302 sulcatis
980 1249 1079 1302 aratro

369 1343 481 1404 Vitiieri
504 1345 584 1424 ripas
606 1342 733 1414 Nocchi,
757 1361 831 1422 quos
853 1343 943 1404 Sinna
965 1351 1101 1422 pererrat

370 1446 506 1507 ilntteno¹
521 1443 620 1525 lapsus
642 1463 765 1507 nemore
788 1454 876 1524 atque
898 1466 915 1506 e
937 1444 1087 1507 montibus
1108 1445 1182 1515 iilis,

318 1570 353 1609 no
368 1547 452 1619 Quod
476 1549 573 1609 iuveni
596 1546 722 1626 genitale
744 1547 856 1619 solum,
880 1547 1048 1610 contendite
1069 1546 1152 1609 luctu

369 1650 405 1711 m
427 1637 563 1712 moestum
586 1648 735 1712 celebrate
757 1650 850 1719 diem;
874 1669 939 1721 vos,
963 1650 1099 1719 flumina,
1122 1653 1196 1711 tanti

371 1751 453 1813 Flete
476 1753 528 1812 riri
553 1770 668 1813 casum:
693 1759 740 1823 tu,
765 1753 888 1814 Sucvicc
912 1752 1058 1820 Neccare,
1082 1755 1148 1830 regi

369 1854 476 1915 Nuntia
501 1854 544 1915 ier
566 1853 685 1924 Rheno;
709 1860 754 1925 tu,
778 1854 882 1916 libane
905 1857 992 1923 irate,
1016 1853 1162 1934 superbas

369 1957 402 2017 in
425 1955 521 2018 scelus
543 1957 600 2017 boc
622 1959 681 2019 iras
704 1976 811 2020 exerce
835 1964 864 2017 et
885 1956 1023 2018 fluctibus
1044 1974 1113 2017 arce

321 2080 358 2121 nn
373 2059 404 2121 Si
426 2076 515 2137 quam
537 2067 690 2140 comparat
710 2059 759 2121 iiie
782 2059 895 2138 iugam;
919 2066 949 2119 tu
973 2058 1077 2119 ioedius
1098 2061 1154 2120 isto

371 2161 446 2222 Vera
469 2161 569 2223 tulisse
592 2161 663 2222 nibil
685 2162 761 2224 sama
786 2169 843 2230 est,
868 2179 939 2240 ergo
963 2160 1099 2222 omnibus
1121 2161 1188 2223 edic

370 2264 530 2324 iristitiam
552 2263 696 2344 Nymphis
719 2272 749 2326 et
771 2282 837 2343 quaa
859 2263 913 2324 tibi
936 2264 1056 2324 numina
1079 2263 1193 2324 circum

371 2364 544 2427 ilerbiicros
567 2364 657 2427 colles
680 2374 710 2428 et
731 2365 829 2427 mollia
852 2368 985 2445 gramina
1007 2373 1139 2434 servant,

371 2470 442 2540 Ouiae
465 2466 556 2529 saltus
578 2470 734 2548 fontesque
757 2467 858 2530 colunt
880 2466 1030 2546 vallesque
1052 2469 1209 2538 virenteis;

321 2589 357 2630 rao
373 2570 523 2650 Nusquam
546 2569 649 2651 aliquis
670 2577 733 2632 toto
756 2570 877 2650 Satyrus
899 2589 931 2631 se
954 2576 1092 2632 exerceat
1111 2587 1191 2630 anno

371 2675 445 2734 Ante
471 2679 536 2735 tuas
558 2673 678 2734 saltator
701 2691 808 2752 aquas,
832 2690 930 2752 neque
953 2673 1075 2734 misceat
1096 2670 1173 2733 ulios

371 2774 574 2856 Nympharum
597 2782 647 2836 tua
670 2777 735 2854 ripa
759 2774 876 2835 choros.
900 2775 984 2853 siqua
1006 2774 1078 2836 uitio
1101 2775 1197 2853 poscit

372 2875 435 2937 Vim
458 2885 560 2938 contra
583 2877 681 2940 scelus
703 2877 774 2948 hoc,
799 2887 860 2938 tum
883 2877 941 2938 duc
962 2878 992 2937 in
1015 2876 1091 2939 bella
1114 2877 1234 2939 seroces

371 2978 524 3041 'l'eutoniae
545 2978 687 3060 populos,
712 2978 791 3040 nuiia
813 2987 846 3041 ut
868 2979 971 3040 vicinia
994 2980 1088 3058 possit

321 3101 357 3144 iss
372 3082 507 3144 Dedecus
529 3082 587 3144 boc
609 3082 695 3144 nobis
717 3057 829 3163 impfrni
851 3081 1022 3143 adscribere
1044 3079 1140 3159 culpa.

372 3184 417 3245 Sit
438 3183 566 3244 vindicta
589 3186 669 3257 neci,
694 3187 825 3265 motique
847 3185 981 3261 exurgite
1004 3183 1126 3254 Franci,

371 3287 514 3347 Invictum
537 3288 644 3348 virtute
667 3305 776 3365 genus,
802 3295 937 3365 reparate
959 3285 1119 3366 superbam

372 3389 505 3450 Nominis
527 3390 625 3450 invicti
647 3388 782 3458 iaudem;
805 3389 978 3460 Germania,
1001 3394 1128 3450 vestram

371 3489 432 3552 iam
455 3493 543 3554 toties
566 3499 685 3571 experta
709 3491 813 3562 fidem,
836 3509 979 3570 suspensa
1001 3497 1101 3552 tuetur

320 3615 357 3654 reo
372 3592 428 3663 Qui
451 3593 520 3655 velit
540 3594 652 3657 ulcisci.
676 3612 773 3673 neque
797 3595 876 3655 onim
899 3594 963 3654 baec
985 3595 1093 3654 iniuria
1114 3592 1194 3654 scios

370 3696 490 3775 Spectat
511 3697 548 3758 ad
571 3697 731 3769 Huttenos‚
755 3697 938 3758 Francorum
961 3716 978 3758 e
1000 3694 1117 3756 milibus
1138 3714 1232 3757 unum

371 3798 428 3858 ista
451 3800 511 3876 pati
534 3817 692 3862 commune
714 3799 841 3868 maium;
865 3798 973 3860 debinc
995 3786 1148 3875 sanguinis
1169 3797 1262 3859 huius

371 3900 436 3961 Non
459 3901 580 3963 minimo
604 3902 657 3963 iuit
679 3901 728 3964 ibe
751 3901 826 3963 ioco.
850 3901 893 3963 Ne
915 3902 1038 3981 quaerite
1060 3902 1155 3980 gentis

371 4003 459 4064 Facta
482 4011 564 4065 retro
587 4011 710 4074 nostrae,
734 4004 792 4064 nisi
814 4004 882 4083 quid
906 4004 1084 4065 cessavimus
1107 4021 1236 4082 unquam

236 4224 265 4259 ¹⁸¹
285 4241 334 4292 pro
354 4232 419 4277 ante
438 4227 577 4293 prandeum
596 4230 621 4277 3.
635 4232 661 4276 at
679 4240 767 4277 nereus
783 4225 834 4276 sibi
849 4231 962 4289 coartet,
986 4226 1113 4283 dommac,
1137 4239 1193 4274 una
1210 4224 1309 4275 babent
1329 4231 1357 4277 1.
1367 4234 1396 4279 2.
1412 4235 1484 4297 qaod

165 4314 318 4376 spondeum,
337 4318 364 4361 ut
382 4328 428 4362 nec
446 4327 528 4374 urna,
543 4313 670 4361 Huttenae
688 4329 738 4361 non
754 4313 898 4376 scripserit.
952 4308 984 4342 ¹⁰⁴
1002 4307 1109 4375 biogus]
1125 4309 1206 4360 Maia.
1251 4310 1390 4379 Dubera]
1416 4316 1480 4365 Tao-

166 4397 220 4447 ber.
292 4395 324 4429 ¹⁶⁵
342 4393 488 4462 Bcgnisua]
510 4398 614 4460 Pepnitz
637 4397 666 4446 in
684 4398 789 4462 Itepnttz
808 4397 833 4445 fl.
852 4409 918 4447 veae
943 4395 1095 4446 effundens.
1167 4393 1199 4426 ¹⁸⁶
1217 4392 1297 4461 Sala]
1314 4397 1478 4459 sra'nkriccbe

166 4482 236 4533 Sole.
303 4481 336 4514 ¹⁶⁷
354 4483 511 4533 Iaccbistus
530 4483 603 4533 lunt.
664 4481 696 4514 ¹⁸⁸
715 4481 844 4532 Kocehna
863 4481 976 4531 Koeber.
1047 4479 1134 4529 Sinna
1152 4479 1224 4528 Sina.
1299 4478 1333 4513 ¹⁸⁹
1353 4482 1476 4534 Hutten-

166 4566 238 4617 Thai
256 4566 310 4617 und
328 4568 411 4618 Wald
426 4584 512 4634 prope
530 4567 704 4630 Solitariam,
724 4566 900 4617 Srbldcbtern.
971 4581 1004 4615 ex
1023 4569 1050 4616 3.
1120 4562 1152 4596 ¹²²
1169 4564 1324 4629 Neccarnn,
1344 4567 1435 4619 Nicer
1452 4585 1474 4619 s.

166 4651 252 4716 Niger
263 4653 374 4703 Latine.
446 4652 478 4687 ¹⁷⁰
495 4654 617 4704 virentes
637 4656 663 4703 3.
733 4651 763 4684 ¹⁸¹
783 4654 902 4703 misceat
924 4655 1037 4702 eor-mi.
1063 4651 1175 4700 conciat
1193 4653 1253 4699 1.2.
1326 4651 1363 4686 ¹⁸²
1381 4655 1474 4719 poscit

166 4739 460 4802 corr.11.pocsitl.2.
514 4737 829 4805 184ροεοίῐήἰοᾳιιοᾳιιι
848 4741 874 4788 3.
928 4735 959 4769 ¹⁰¹
979 4753 1012 4788 ex
1032 4740 1058 4788 3.
1111 4734 1234 4785 millibus
1253 4737 1314 4786 2.3.
