3294 5408
174 399 347 436 nnnvnttstui
360 399 464 435 BHEUI
478 399 639 437 retrursus
653 398 791 435 nocrotus
805 399 947 435 usnemun
962 399 1373 438 s.10A.otrtt10lttsttttcorrtoat.
1394 371 1467 442 419

377 554 475 617 Altera
498 561 559 615 tum
583 571 687 616 scaenae
710 554 801 616 lacios
823 556 892 622 erit,
916 553 1007 616 altera
1030 572 1160 636 pompae,

377 657 413 717 Et
435 656 618 736 perhibenda
641 656 735 718 oculis
757 656 814 717 alio
836 656 1003 735 spectacula
1026 658 1098 719 ritu:

342 780 367 818 so
382 758 524 838 Fulgidus
546 761 608 838 ipse
630 778 703 821 auro
727 768 756 821 et
777 778 868 821 curru
891 759 1025 821 sublimis
1047 758 1162 821 eburno

378 861 449 922 Post
471 861 596 923 Venetas
618 880 651 923 se
673 861 807 923 ostendet
830 879 915 940 opes,
940 879 1073 940 quosque
1095 862 1183 923 auria
1206 860 1295 939 longo

378 963 526 1041 Tempore
548 971 591 1024 tot
613 964 713 1042 spoliis
736 962 913 1044 populorum
936 965 1064 1042 aggessit
1085 965 1116 1025 in
1139 982 1246 1033 unuin,

378 1063 547 1126 Thesauros
569 1065 669 1134 veliet,
694 1073 722 1127 et
744 1074 844 1146 raptas
865 1065 1014 1145 praedonis
1034 1067 1128 1145 iniqui

378 1167 496 1229 Divitias
518 1166 647 1247 portabit
669 1186 745 1249 aqua
768 1170 916 1247 terrisque
938 1169 1058 1247 petitam

340 1289 365 1329 so
380 1269 416 1330 Et
437 1268 630 1349 spoliatorum
651 1272 760 1333 misere
782 1272 957 1349 patrimonia
981 1288 1085 1348 regum

382 1370 469 1433 lbunt
491 1379 520 1433 et
542 1371 686 1433 scelerum
710 1373 851 1434 authores
873 1376 902 1434 in
926 1373 1055 1435 restibus
1081 1375 1167 1443 atris,

379 1474 462 1535 Fune
484 1473 566 1552 ligati
589 1493 692 1535 omnes
713 1475 876 1555 vinclisque
897 1474 1051 1537 tenacibus
1073 1492 1192 1544 omnes;

379 1576 439 1638 Nec
461 1597 493 1638 se
515 1578 571 1638 iam
595 1576 722 1638 Venetos
745 1579 843 1639 dicent
863 1587 915 1639 aut
937 1596 1001 1640 esse
1023 1575 1177 1656 putabunt.

379 1677 475 1755 Terga
498 1687 637 1757 prement
658 1681 772 1758 equites
794 1687 882 1759 atque
905 1679 1055 1741 auxiliaria
1078 1677 1148 1739 belli
1200 1737 1203 1741 ,

341 1798 367 1838 oo
381 1779 480 1841 Turba
504 1779 613 1842 ducum
636 1783 788 1862 ereptique
811 1784 902 1843 armis
924 1788 953 1842 et
975 1780 1011 1842 ab
1035 1781 1120 1841 hoste
1143 1784 1255 1861 recepti

380 1882 489 1963 Captivi
512 1884 590 1945 cives
612 1885 769 1964 nitidisque
791 1886 938 1946 exercitus
960 1884 1065 1953 armis,

379 1985 416 2045 Et
438 2003 503 2064 quae
525 2001 585 2045 non
607 1984 689 2047 locus
713 1993 811 2048 estut
833 2005 913 2048 nuuc
935 2005 971 2049 en
994 1985 1099 2046 ordine
1121 1984 1225 2047 dicam.

379 2086 524 2149 Omnibus
546 2096 701 2165 argentum
725 2089 897 2159 Germanis,
921 2086 1058 2149 omnibus
1080 2105 1185 2148 aurum

379 2189 421 2249 Ex
444 2189 543 2269 praeda
566 2189 699 2260 dabitur,
723 2209 906 2270 gemmaeque
929 2197 958 2253 et
980 2207 1113 2270 purpura
1136 2197 1166 2250 et
1187 2196 1269 2250 ostro

341 2312 366 2350 aa
382 2292 529 2353 Distinctae
551 2302 647 2355 vestes
668 2299 698 2354 et
719 2295 744 2355 si
766 2292 928 2375 preciosius
950 2293 1013 2354 istis

379 2393 451 2456 Esse
473 2401 571 2474 potest
592 2393 711 2474 aliquid.
735 2396 859 2458 dirersis
881 2403 952 2457 tunc
974 2410 1093 2474 quoque
1114 2402 1239 2471 surgent

378 2495 449 2558 Fixa
472 2496 604 2578 trophaea
626 2496 716 2567 locis,
739 2498 883 2560 victorum
906 2504 1015 2558 aeterna
1037 2494 1163 2557 subinde

379 2599 501 2662 Virtutis
522 2607 712 2662 monumenta
735 2618 811 2669 suan
834 2597 1028 2661 memorabile
1051 2617 1160 2660 nomen

380 2702 493 2764 Sentiet
515 2703 573 2764 hoc
594 2704 730 2782 miroque
753 2701 827 2763 leret
850 2719 925 2763 nova
947 2700 1055 2778 gaudia
1077 2699 1200 2763 Rhenus

327 2823 364 2864 roo
379 2804 415 2864 Et
438 2822 470 2866 se
492 2804 591 2865 laetitia
614 2806 678 2884 ripa
702 2804 846 2866 dillundet
867 2812 1006 2884 utraque,

377 2905 526 2967 Exultabit
546 2907 625 2985 agris
647 2914 676 2967 et
697 2923 802 2984 campo
823 2904 907 2966 ludet
927 2912 1044 2984 aperto,

378 3006 479 3078 Oualis
501 3015 579 3076 erat,
603 3026 671 3068 cum
694 3016 722 3068 te
744 3008 884 3069 reducem
908 3006 1077 3068 victricibus
1098 3007 1190 3067 armis

378 3109 458 3171 Orbe
481 3118 635 3188 pererrato
659 3111 800 3188 victisque
823 3117 895 3187 quot
917 3105 999 3170 orbis
1020 3109 1131 3170 adisses

378 3211 471 3273 blarte
493 3231 577 3292 aequo
600 3212 719 3292 populis
743 3211 855 3273 tumido
877 3211 1044 3273 laetissimus
1065 3229 1152 3273 amne

327 3332 364 3373 ios
379 3315 535 3395 Acciperet
557 3314 674 3388 domitis
697 3321 886 3393 regnantem,
911 3312 1030 3384 Carole‚
1054 3311 1160 3382 Gallis.

379 3416 479 3497 [leque
502 3417 559 3478 tuis
581 3418 660 3496 genti
682 3417 847 3479 tradentem
871 3418 989 3477 nomina
1013 3415 1150 3482 Francis:

379 3520 436 3581 lut
458 3526 539 3580 certe
562 3538 651 3598 quam
673 3518 758 3582 laetus
780 3526 845 3580 erat
865 3519 994 3597 patiente
1017 3534 1188 3597 supremam

379 3620 460 3682 ltalia
484 3619 614 3692 cladem,
637 3622 731 3702 rigida
752 3620 946 3682 Friderichus
968 3619 1005 3681 ab
1027 3618 1102 3698 Alpe

380 3724 453 3784 Cum
477 3731 693 3802 transportaret
715 3724 878 3804 Suevisque
900 3729 1063 3802 exponeret
1084 3721 1162 3783 arvis

328 3845 364 3885 ru
379 3824 552 3886 Terribileis
573 3824 686 3904 aquilas
708 3832 895 3906 mortemque
917 3827 1041 3887 lerentia
1063 3832 1169 3886 castra.

380 3927 492 3989 Sentiet
514 3926 571 3987 hoc
593 3945 754 4006 secumque
776 3927 851 3989 lster
873 3929 950 3989 leret
971 3945 1057 3989 amne
1079 3925 1211 3986 secundo

378 4027 554 4090 Perculsura
578 4030 657 4089 leros
679 4030 843 4091 tristissima
865 4029 972 4090 nuncia
995 4029 1123 4094 luccas:

380 4131 505 4193 Ultimus
528 4138 663 4192 arctoum
687 4131 822 4191 transibit
844 4149 948 4191 rumor
971 4130 1007 4191 ad
1030 4128 1143 4197 Albim,

379 4233 465 4313 lsque
489 4232 540 4293 tibi
562 4231 703 4310 gaudebit
725 4251 817 4293 orans
839 4232 1022 4312 hilaremque
1045 4230 1168 4310 perinde

328 4357 365 4397 us
381 4335 521 4397 Ostendet
544 4334 655 4396 vultum
678 4343 708 4394 et
730 4333 818 4412 pleno
842 4334 975 4396 lasciviet
996 4351 1100 4403 amne,

175 4521 380 4535 *ἡ

243 4656 264 4691 ¹¹
283 4662 456 4711 serentem.
491 4656 514 4690 ⁸⁵
532 4659 777 4709 autores3.4.d.7.
812 4653 835 4686 ⁹¹
853 4654 1002 4722 pretiosius
1016 4658 1040 4703 7.
1086 4651 1318 4718 ¹¹trophoe23A.
1367 4644 1471 4717 ¹⁰¹per·

177 4748 255 4794 creto
276 4746 335 4794 34.
344 4749 367 4794 7.
418 4760 469 4808 pro
493 4758 541 4808 quo
565 4746 709 4808 pererrato
731 4742 783 4790 eine
800 4745 950 4808 peragrato
968 4754 1075 4805 propos.
1096 4737 1191 4789 Christ.
1244 4733 1274 4768 ¹¹¹
1294 4735 1369 4787 cl.r.
1382 4733 1424 4786 OO.

1188 4819 1250 4882 27·
