3294 5408
265 367 337 436 4412
362 396 532 431 ΕΙιΒνΤΗΕΙὶΙΙ
548 395 650 430 DYZElll
664 395 826 430 TRIVKPHVS
840 395 977 430 bocconis
991 396 1132 431 REVGHLID
1147 397 1417 434 u.10A.cA1‘ruott18
1431 400 1590 436 Buconica,

467 552 542 611 Aera
565 549 707 630 Phrygis,
731 548 860 628 dantque
882 552 1031 628 ingentem
1055 569 1196 631 percussa
1220 551 1351 614 boatium

467 651 600 729 Tergora
623 657 706 712 tensa
729 650 834 721 houm;
858 652 1004 712 feriuntur
1026 653 1130 732 sydera
1154 661 1260 724 cantu,

466 754 623 835 Accipiunt
643 759 759 814 montes
781 761 962 833 acceptaque
985 756 1115 815 carmina
1138 755 1285 827 reddunt,
1366 757 1588 847 llssfitggffiff

415 875 453 917 sse
467 857 618 918 Percussae
641 854 767 917 reboant
789 853 895 924 valles,
919 854 1065 936 sylvaeque
1087 858 1213 918 vicissiru

467 957 610 1020 Exaudite
633 964 760 1027 canunt;
784 958 929 1020 mirantur
952 960 1070 1019 numina
1093 960 1172 1020 ruris

467 1060 619 1139 Faunique
641 1060 829 1140 Dryadesque
852 1067 881 1122 et
903 1077 969 1138 quse
991 1077 1043 1121 sua
1066 1061 1186 1122 llumina
1209 1072 1351 1134 serrant,

467 1161 598 1242 Quaeque
620 1162 682 1223 deae
705 1163 802 1223 lentes
825 1170 854 1223 et
875 1163 967 1223 llorea
991 1170 1074 1242 prata
1097 1180 1263 1243 nemusque

466 1263 503 1324 Et
525 1263 633 1324 virides
655 1271 761 1326 curant
782 1263 892 1334 saltus,
917 1264 1066 1343 Capniena
1089 1266 1241 1325 canenteis

413 1387 452 1428 asa
466 1366 631 1428 Observant
652 1384 793 1427 numeres
814 1372 1011 1446 repetuntque
1034 1386 1067 1428 ea
1090 1365 1195 1444 gaudia
1219 1386 1334 1430 secum.

467 1468 582 1530 Interea
605 1468 672 1530 lecti
695 1471 814 1530 iuvenes
837 1470 981 1549 puerique
1004 1471 1086 1530 suari

467 1572 618 1631 Concentu
641 1569 771 1631 mulcent
792 1588 881 1631 aures
903 1578 932 1631 et
954 1570 1066 1649 grande
1089 1580 1189 1633 coacta

466 1673 625 1733 Harmonia
648 1670 838 1733 modulantur
860 1691 946 1751 epos,
970 1674 1175 1752 concinnaque
1198 1676 1298 1736 mixtis

465 1774 584 1836 Addunt
606 1774 695 1836 verba
718 1774 814 1835 modis
836 1775 995 1855 Capuienis
1018 1775 1155 1836 habentia
1177 1774 1289 1838 laudes.

413 1897 452 1938 eoo
529 1877 583 1938 llic
600 1877 657 1947 vir,
674 1877 722 1938 hic
738 1884 798 1946 est,
818 1878 905 1947 cives,
922 1896 1011 1957 quem
1027 1879 1180 1956 vespanio
1195 1886 1262 1940 ante
1278 1883 1412 1960 petitum
1454 1883 1580 1969 ,ξζῗξξξῖςζ

467 1978 544 2039 llille
566 1979 656 2049 dolis,
679 1978 758 2040 mille
780 1979 892 2040 insidiis
915 1985 1002 2058 atque
1025 1987 1088 2041 arte
1110 1980 1252 2060 maligna,
1453 1972 1545 2003 “¹²¹⁰'‘

466 2080 614 2142 Promissa
637 2081 769 2142 doluistis
791 2101 863 2161 ope,
887 2081 951 2141 laec
972 2080 1148 2142 venerabilis
1169 2082 1217 2144 illa
1239 2090 1284 2144 est

467 2182 598 2245 Canicies
620 2184 712 2245 sancti
735 2185 853 2262 capitis,
877 2184 924 2244 cui
946 2183 1035 2244 debet
1056 2183 1201 2245 honorem

466 2283 503 2346 Et
525 2287 573 2347 cui
595 2304 713 2365 semper
734 2284 824 2346 habet
846 2284 941 2364 plenis
961 2288 1118 2348 Germania
1141 2288 1230 2358 votis,

414 2407 452 2448 ses
467 2388 580 2449 Virtute
602 2387 744 2449 illustrata
767 2387 836 2454 viri:
859 2387 908 2447 hic
931 2395 977 2450 est
998 2387 1045 2449 ille
1069 2390 1200 2450 lerorum

465 2490 633 2569 intrepidus
655 2491 783 2551 domitor
806 2496 1008 2551 monstrorum
1031 2491 1197 2569 invictaque
1219 2492 1341 2562 mastix,

466 2591 521 2662 Oui
544 2599 656 2655 temere
680 2593 799 2654 Fratres
820 2610 907 2654 aarsos
929 2599 1102 2672 temereque
1124 2592 1292 2671 Sophistas,

466 2695 574 2757 Laudis
596 2714 671 2775 opus
694 2694 814 2774 plenum
838 2703 867 2755 et
889 2695 1114 2756 menrorandum
1137 2696 1167 2755 in
1189 2695 1287 2757 secula
1312 2696 1427 2758 tactum

466 2798 618 2868 Contudit,
642 2806 671 2859 et
692 2797 783 2858 multa
804 2798 937 2877 trepides
959 2798 1117 2858 formidine
1139 2803 1276 2859 sternens

415 2916 455 2957 soe
471 2886 610 2961 intactam
634 2901 761 2962 asseruit
782 2899 819 2959 ab
842 2901 943 2977 inique
966 2900 1064 2962 Iudice
1088 2901 1209 2968 famam

465 3001 521 3072 Οιιί
544 3001 697 3065 debellatis
719 3002 837 3063 infanda
861 3001 1032 3081 parantibus
1054 3004 1135 3062 omni

466 3104 553 3165 linuit
574 3103 738 3184 opprobrio
761 3122 842 3173 sese,
867 3106 1064 3182 ementitaque
1087 3103 1172 3183 liquit

466 3208 534 3268 Post
556 3214 672 3285 tergum
694 3206 824 3278 scelera,
847 3214 937 3285 atque
960 3226 976 3267 e
999 3208 1168 3287 suspicione
1190 3208 1343 3276 remersit,

465 3310 559 3380 Quam
581 3308 650 3369 lacti
673 3316 797 3370 tenuere
820 3309 926 3377 rudes;
950 3307 1013 3369 lraec
1036 3308 1144 3386 gloria,
1169 3309 1263 3377 cives,

413 3430 450 3469 eea
464 3410 533 3471 llaec
555 3409 605 3471 illa
627 3411 734 3471 invidia
757 3419 816 3480 est,
840 3409 1000 3472 multorum
1024 3412 1151 3472 exercita
1175 3412 1241 3471 nisu
1358 3407 1561 3498 lssqglffyfflgffgg

464 3512 558 3591 aitque
580 3530 641 3573 uno
666 3512 787 3574 defensa
810 3515 924 3581 animo:
948 3514 1003 3574 diis
1025 3514 1118 3591 graDa
1141 3530 1292 3591 nunquam

464 3613 529 3674 Non
552 3614 664 3676 scelera
688 3614 790 3676 ulcisci
811 3617 974 3695 vetitosque
998 3614 1163 3676 volentibus
1185 3632 1282 3675 ausus.

529 3716 612 3777 Dicat
633 3717 681 3787 lo,
704 3719 729 3778 si
750 3736 783 3778 se
806 3720 885 3779 nevit
907 3718 1082 3786 Germania,
1106 3717 1199 3786 dicat,

464 3817 557 3897 lnqne
579 3818 744 3899 inculpatos
766 3820 876 3882 relerat
899 3820 1060 3882 clarissima
1082 3819 1174 3879 lastos
1351 3816 1562 3897 lffltg’pffltt·

416 3941 455 3982 ore
470 3923 558 3983 Facta
581 3923 650 3991 viri,
674 3924 858 4002 memorique
881 3924 996 3984 omneis
1018 3927 1143 3983 aeternet
1163 3921 1194 3979 in
1217 3937 1312 3980 anuos

463 4024 589 4086 Decreta
611 4023 779 4103 titulisque,
804 4033 833 4086 ot
855 4043 930 4103 quos
952 4025 1087 4086 decernit
1109 4023 1237 4083 honores

463 4128 573 4188 Victori
595 4125 774 4206 populorum
797 4134 826 4188 et
848 4127 898 4205 qui
921 4146 954 4187 se
976 4127 1005 4185 in
1027 4127 1171 4202 sangnine
1193 4125 1296 4185 mersit

463 4228 585 4299 llostili,
609 4230 719 4308 quique
742 4247 894 4289 armorum
917 4227 1082 4308 praecelluit
1103 4245 1175 4296 usu,

326 4415 360 4448 ⁸¹⁸
379 4415 471 4466 sidera
490 4420 580 4467 3.⁴l.7.
645 4414 679 4448 ⁸⁸⁰
696 4415 829 4481 silvaeque
848 4419 872 4466 7.
899 4448 903 4453 «
931 4413 964 4447 ⁸⁸¹
982 4415 1127 4480 Faunique
1145 4413 1326 4479 Dryopesque
1343 4414 1405 4462 edd.
1420 4415 1558 4481 Dryopes,

260 4501 404 4566 Epirotas,
424 4517 479 4551 nen
496 4501 616 4552 voluisse
635 4505 785 4564 auctorem,
804 4499 853 4550 sed
871 4500 1007 4566 Dryades,
1027 4500 1096 4550 setis
1115 4505 1239 4565 apertum
1259 4502 1310 4560 est,
1330 4500 1459 4562 quemvis
1477 4515 1560 4550 rueme

259 4586 349 4637 adhuc
367 4587 475 4637 dixerit.
528 4584 562 4618 ⁸⁹⁶
579 4577 691 4652 μάστιξ,
711 4585 859 4652 flagellum.
878 4585 1134 4651 Capniomestigum
1153 4590 1251 4636 nomeu
1270 4587 1327 4632 tum
1344 4583 1481 4649 populere
1497 4586 1559 4634 fuit.

259 4669 294 4702 ⁹⁰⁰
312 4671 539 4722 abHeehstrato.
585 4670 779 4737 Wopprobrie
797 4672 856 4722 edd.
867 4677 968 4736 praeter
980 4675 1005 4722 5.
1051 4669 1086 4703 ⁹⁰³
1099 4669 1125 4737 e]
1141 4674 1170 4720 et
1182 4675 1205 4720 7.
1253 4666 1414 4734 suspicione
1463 4669 1558 4720 ⁹⁰⁸de-

260 4753 340 4806 sonno
359 4759 418 4807 Μ.
426 4762 449 4808 7.
503 4754 538 4788 ⁹¹⁰
555 4771 650 4808 omnes
670 4761 696 4807 3.
705 4760 729 4808 4.
738 4761 762 4806 7.
