3294 5408
512 412 616 448 BLBGIA
630 414 655 448 V·
675 413 703 447 nt
718 414 918 449 PHILOPOHPVN
932 415 1073 456 Qvnnoni.

330 644 332 649 Ι
354 566 472 628 Certum
495 575 537 628 est
560 575 589 629 te
612 570 748 629 nocuisse
771 568 858 637 urilii,
882 567 1004 629 voluisse
1028 588 1152 658 nocere,

436 668 557 731 Certum
580 677 625 730 est
644 688 780 732 rumores
802 678 966 731 attenuasse
989 689 1085 741 niens,

354 771 502 852 lllullaque
523 772 561 833 de
583 772 669 833 nolis
689 771 787 849 lingua
811 775 946 834 statuisse
968 792 1069 833 severa

305 894 330 934 ιι
428 875 499 947 Quae
521 873 616 935 nolles
638 893 738 935 coram
761 877 954 954 proposuisse
976 875 1057 936 milri.

353 976 433 1038 Pone
455 984 513 1038 tue
535 975 619 1037 ireuo
641 976 759 1037 admoto
782 979 912 1037 convicia
935 976 1059 1054 linguae,
1269 976 1438 1066 legggge·

437 1079 534 1149 Pone,
557 1096 679 1157 precor,
702 1079 821 1148 duram,
844 1080 869 1138 si
891 1085 990 1158 potes,
1013 1080 1165 1148 invidiaun

354 1180 411 1240 Aut
432 1181 456 1241 si
478 1181 554 1241 iorte
577 1182 681 1258 nequis
705 1187 733 1240 et
754 1186 783 1241 te
806 1180 876 1259 quid
899 1179 1004 1240 laedere
1027 1187 1158 1258 oportet,

299 1304 325 1345 as
433 1282 464 1343 Si
486 1300 544 1342 uon
568 1283 609 1342 vis
631 1280 716 1341 nobis
738 1299 874 1359 parcere,
899 1299 988 1358 parce
1010 1282 1071 1343 noi.

349 1385 393 1445 An
417 1384 493 1444 iuvat
514 1384 584 1445 huie
605 1384 715 1445 rabidis
738 1382 834 1444 moliri
856 1383 1041 1444 incommoda
1064 1384 1161 1445 verbis

433 1487 527 1559 Quem
548 1495 650 1547 uotum
674 1493 719 1547 est
739 1504 890 1565 nonquam
913 1487 956 1545 sie
977 1487 1113 1548 nocuisse
1134 1486 1201 1558 uni,

349 1587 465 1666 Quique
487 1594 553 1649 tuas
574 1587 675 1650 laudes
697 1606 781 1667 aequo
804 1587 941 1666 dispersit
962 1587 1075 1648 honore

296 1711 323 1752 aa
432 1689 468 1750 Et
489 1692 539 1769 qui
562 1692 642 1751 omni
664 1691 700 1751 de
723 1698 751 1750 te
773 1692 936 1769 suspitione
959 1690 1059 1750 vacat?

349 1791 476 1852 Laudari
499 1791 669 1871 vultumque
691 1801 774 1853 turim
797 1798 954 1870 gestusque
976 1809 1112 1863 serenos,

431 1893 558 1955 Laudari
578 1912 691 1963 mores,
715 1913 784 1955 osor
805 1896 922 1972 inique,
945 1900 1026 1964 teres,

349 1995 450 2057 Omnia
473 2015 528 2077 pro
550 1995 655 2066 rebus,
678 1996 805 2074 doloque
828 2015 862 2057 ex
885 2003 1006 2075 pectore
1028 2015 1193 2077 nunquam,

295 2118 321 2159 as
428 2098 512 2176 Saepe
534 2106 618 2160 tuum
640 2099 737 2177 magni
760 2098 882 2158 lecimus
905 2096 1069 2177 eloquium:

347 2199 410 2261 Non
433 2207 529 2263 lamen
553 2202 606 2260 ista
630 2207 712 2261 tuum
736 2198 821 2260 nobis
844 2208 1002 2261 causentur
1024 2219 1156 2262 aurorem

431 2303 466 2363 Et
487 2304 525 2363 sit
546 2303 576 2361 in
600 2301 741 2381 obsequio
763 2303 854 2378 gratia
878 2300 957 2363 nulla
980 2321 1062 2364 meo:

347 2402 422 2474 Ouid
445 2406 521 2482 petis
543 2406 716 2472 iunocunrn,
741 2402 813 2465 nihil
836 2405 865 2464 iu
888 2412 936 2464 tue
959 2407 1023 2465 iura
1047 2405 1205 2475 terentesn,
1331 2406 1433 2483 {3:¹32ss

296 2527 322 2567 so
429 2506 464 2566 Et
486 2504 565 2566 ncilla
587 2506 742 2566 adversum
766 2506 932 2567 conditione
955 2507 1025 2567 cinit
1296 2505 1300 2515 '

347 2608 376 2669 Si
398 2615 427 2670 te
449 2607 544 2669 landis
565 2626 648 2668 amor
670 2607 875 2686 inserendique
897 2616 959 2669 atra
983 2609 1089 2687 cupido

429 2710 561 2789 Spesque
583 2708 658 2770 lueri
681 2709 812 2770 rabidam
836 2712 913 2788 cogit
935 2712 965 2770 in
989 2712 1139 2780 invidiam,

348 2811 479 2873 invideas
501 2813 526 2872 si
547 2812 612 2890 quis
634 2811 749 2872 meliori
772 2820 912 2890 congerat
935 2830 1007 2872 auro

296 2933 320 2975 n
428 2914 621 2975 Emanaturas
643 2920 777 2992 tempore
799 2915 933 2984 divicias;

346 3015 477 3077 Invideas
500 3014 599 3085 iarnae,
623 3017 647 3076 si
669 3019 735 3095 quis
757 3016 878 3077 meliore
901 3016 1032 3086 fruatur,

429 3118 465 3179 Et
486 3119 599 3196 siquem
623 3117 708 3178 sirnili
731 3117 837 3180 ledere
859 3137 942 3179 urere
964 3127 1063 3196 potes:

347 3220 406 3282 Nos
427 3221 523 3281 tenuis
547 3222 637 3281 vietus
660 3228 690 3281 et
712 3220 796 3281 iarun
819 3222 916 3300 portio
940 3227 1047 3298 qnanta

294 3343 333 3385 rsv
426 3321 491 3383 Non
514 3324 582 3382 sinit
604 3322 728 3383 excelsis
751 3323 869 3384 allicere
893 3324 1027 3400 ingeniis.

344 3423 406 3485 Nec
428 3431 512 3503 potes
535 3443 569 3485 ex
593 3424 648 3483 isto
671 3424 798 3502 spoliurn
821 3425 981 3503 decerpere
1005 3421 1098 3484 bello:

429 3525 581 3586 Arclranos
604 3525 719 3602 (nescis)
743 3544 791 3587 res
815 3526 903 3587 inritet
925 3527 980 3585 ista
1003 3533 1114 3586 metus:

345 3629 419 3689 Sunt
441 3629 527 3689 etiam
550 3626 635 3688 nobis
658 3629 797 3688 udinese
819 3631 847 3688 iu
871 3628 970 3708 praelia
994 3629 1070 3688 vires

292 3750 318 3791 aa
426 3729 461 3790 n
483 3728 539 3791 tela
562 3728 658 3789 ultrici
681 3729 860 3791 discutienda
884 3748 987 3799 manu,
1061 3786 1064 3795 .

344 3831 404 3893 Nec
426 3830 489 3892 leve
512 3832 548 3891 de
571 3838 672 3891 nostro
696 3834 789 3909 surgit
811 3831 962 3893 rnolirnine
984 3831 1104 3903 vuinus,

427 3933 508 3994 Livet
532 3941 560 3995 et
582 3932 694 4012 absque
716 3936 796 3994 omrii
818 3934 903 4013 plaga
927 3934 1079 4012 relangnet
1102 3954 1173 4016 ope,

342 4033 435 4107 Quam
457 4054 553 4115 neque
575 4037 708 4096 restituat
730 4037 826 4096 mistis
848 4034 1010 4097 Podalirius
1032 4036 1147 4108 herbis,

291 4160 317 4200 so
423 4136 484 4199 Nec
506 4136 608 4198 liuor
632 4139 724 4217 patria
748 4148 833 4199 curet.
854 4136 989 4200 alumnus
1012 4157 1082 4218 ope,

137 4252 342 4285 X„-

202 4342 227 4379 ¹¹
243 4348 274 4394 te
290 4344 381 4394 addid.
398 4349 448 4394 oet.
460 4358 524 4392 mou
538 4343 674 4406 etllaupt.
736 4339 757 4373 ²⁴
776 4339 877 4392 diust.
941 4339 964 4372 ²⁸
982 4344 1096 4394 Ιιιιτι8.
1158 4340 1180 4373 ³²
1198 4341 1355 4407 suspicione
1374 4343 1399 4390 2.
1407 4344 1444 4392 3„

137 4402 303 4523 :fitutiaL
366 4425 389 4459 ⁴²
407 4429 524 4491 βιιιιιιί.
544 4428 666 4493 Spesque
685 4430 745 4477 2..3
815 4424 836 4456 ⁴³
855 4425 932 4491 euro]
951 4426 1015 4488 sort.
1035 4441 1102 4475 nura
1120 4427 1257 4491 legendum.
1276 4429 1302 4474 2.
1320 4425 1432 4476 Minime.

137 4488 368 4605 :divitium
413 4510 555 4575 ⁴⁶lotut1.
610 4510 633 4543 ⁴⁰
652 4514 777 4564 [ostem.
830 4509 851 4543 ⁴⁷
869 4512 982 4563 uitiosi.
1000 4512 1347 4561 maiianniversarius
1363 4527 1432 4561 corr.

137 4573 376 4649 Anonostfli
430 4595 450 4629 ⁵¹
470 4596 651 4662 proelium.
704 4594 725 4627 ⁵⁴
744 4595 851 4659 giusti.
864 4598 912 4646 sed
928 4612 998 4645 corr.
1011 4602 1070 4644 vett.
1089 4602 1184 4645 ιιιαιιιιι.
1231 4593 1253 4627 ⁶⁶
1269 4595 1433 4660 Podulyrius

137 4659 198 4726 [ἆ
219 4683 292 4734 Ouid.
305 4682 363 4732 Art.
377 4698 431 4732 em.
445 4682 481 4731 11.
495 4681 553 4732 735.
574 4683 720 4744 „Quantus
739 4681 812 4745 apud
824 4681 936 4730 Danaos
947 4679 1104 4730 Podalirius
1117 4684 1175 4730 arte
1188 4679 1340 4730 medendi
1365 4680 1434 4732 Cre-

137 4747 235 4832 lflnsis,
254 4766 416 4834 Aesculapii
429 4765 510 4830 iilius,
530 4764 727 4830 Ποδαλείριος.
762 4765 784 4798 ⁵⁰
801 4765 987 4832 Aesculapius
999 4764 1135 4832 Apollinis
1148 4768 1177 4815 et
1189 4764 1333 4816 Coronidis
1351 4763 1432 4816 iilius.
