3294 5408
352 431 473 466 HVTTBM
488 430 517 466 nt
531 431 729 465 EXCEPTIONH
742 428 928 464 HOGVNTIMK
940 429 1063 464 Atnnnrt
1077 430 1281 465 PANEGYRICW·
1386 399 1460 471 355

368 587 476 647 Fertur
499 594 527 647 et
551 588 579 646 in
603 586 721 646 crnnnle
744 585 946 663 dubitatque
969 586 1064 662 prima
1088 592 1244 664 sequatnr;

370 688 441 756 Once
464 691 574 766 capiat,
599 687 706 766 quibus
728 690 857 754 insistat,
882 687 947 747 data
971 687 1054 764 copia
1078 685 1176 747 turbat

368 790 402 850 Et
427 792 494 850 lacit
516 789 698 867 ambiguam:
723 808 777 849 uns
800 789 876 850 baud
900 808 987 850 secus
1008 791 1136 867 impetus
1158 797 1258 868 urget,

329 914 354 952 m
371 891 506 952 Destituit
529 894 602 952 ratic
626 892 782 970 perditque
805 891 901 952 oblata
927 891 1063 958 facultas,

367 993 442 1065 Quid
466 995 610 1071 primum,
635 993 704 1071 quid
728 994 876 1071 precipue
899 995 948 1052 liat
970 992 1129 1071 liceatque,

369 1093 453 1164 Quod
477 1097 543 1173 quis
565 1098 594 1155 in
619 1095 792 1174 obsequium
816 1102 882 1155 ruat
904 1105 954 1155 aut
976 1113 1042 1172 quae
1063 1097 1146 1171 signa
1169 1095 1316 1176 relinquat

369 1197 494 1257 Laeticire
517 1196 655 1265 insolitae,
680 1216 738 1275 qun
762 1199 942 1275 gratificetur
965 1197 1079 1258 bonore

368 1297 428 1359 lam
451 1307 551 1359 certus
574 1299 708 1378 liberque
731 1307 811 1359 metu
835 1302 999 1379 optatisque
1023 1301 1142 1377 potitus.

329 1423 354 1460 ss
369 1399 460 1460 Obvia
484 1401 570 1460 turba
594 1401 644 1460 tibi
669 1403 763 1480 pertis
785 1420 817 1462 se
841 1402 964 1461 cllundit
986 1403 1110 1480 apertis,
1325 1401 1464 1490 lfigggffissgh

369 1501 476 1562 Tendit
498 1505 525 1562 in
551 1522 708 1564 occursum
732 1502 873 1583 populus,
897 1511 965 1563 sunt
987 1503 1091 1562 ordine
1114 1502 1196 1563 nullo

371 1604 485 1664 baeticis
509 1604 666 1666 dirimente
688 1606 810 1665 modum
833 1606 1012 1681 iuvenesque
1035 1623 1195 1684 senesque;

371 1706 571 1783 lngcmiuatnr
593 1707 638 1777 lo,
663 1726 769 1768 vacuas
792 1707 961 1767 conscendit
984 1708 1013 1766 iu
1036 1724 1127 1766 auras

370 1807 496 1878 Clamor,
520 1808 557 1869 ab
579 1808 714 1886 impulsis
736 1816 855 1869 resonat
877 1806 1067 1886 clangoribus
1089 1807 1190 1869 eetlrer.

331 1932 357 1970 cu
372 1909 451 1971 invia
475 1911 549 1971 iactu
572 1913 616 1971 ria
640 1920 684 1973 est
707 1931 763 1990 qua
787 1918 818 1970 tu
841 1919 870 1971 te
893 1911 1039 1978 immittis,
1064 1910 1233 1990 ademptum

371 2012 424 2073 Est
446 2012 549 2091 plateis
571 2031 689 2074 nomen.
714 2013 783 2091 qnid
807 2014 832 2071 si
855 2030 914 2072 non
938 2021 1005 2073 ante
1028 2020 1156 2075 vetasses

371 2114 440 2175 llaec
462 2115 526 2176 fieri
549 2116 678 2176 candere
701 2117 770 2176 tuo?
794 2116 885 2194 pudet
907 2113 1029 2175 auribus
1052 2114 1123 2184 boc,
1148 2116 1226 2194 quod
1373 2116 1467 2197 2132qu

374 2214 504 2277 Virtutes
526 2235 664 2278 mernere
688 2218 767 2285 dari;
793 2235 893 2278 rerum
918 2215 965 2276 illa
988 2216 1111 2294 pudoris

374 2316 554 2380 lllnnimenta
577 2322 618 2379 tui
641 2338 696 2379 nos
719 2320 844 2381 cileccre
868 2318 997 2379 verendo

335 2437 361 2480 ar>
376 2421 492 2482 dudere
515 2429 544 2483 et
568 2423 669 2482 vetitos
693 2424 858 2501 cupientins
881 2421 969 2481 edere
991 2419 1121 2498 plausus

373 2522 464 2584 'lanta
489 2523 659 2585 merebatur
682 2526 813 2603 quisquis
836 2523 970 2584 faeliciter
992 2521 1061 2582 clini

376 2624 489 2686 Bellum
512 2627 655 2703 exegisset
678 2626 854 2705 ‹leruitisque
877 2646 912 2687 ex
937 2625 1070 2685 bostibns
1093 2624 1159 2684 urbi

374 2726 533 2789 lnvexisset
555 2748 626 2807 cpcs
648 2747 776 2808 peregre
799 2727 959 2806 spoliisque
981 2725 1118 2806 superbis

373 2829 509 2890 diruisset
530 2830 656 2891 dominae
678 2849 832 2891 nnuuncsa
855 2830 957 2890 aeraria
981 2828 1095 2895 Romam

335 2950 360 2989 rc
375 2931 441 2992 Sive
465 2931 643 2993 rebellantes
666 2934 756 2992 armis
778 2938 948 3009 superasset
970 2929 1089 2996 iberos,

374 3034 441 3095 Sive
463 3033 541 3094 leves
563 3032 673 3103 Celtas,
697 3043 746 3096 aut
768 3033 823 3095 snb
846 3035 913 3109 iuga
936 3032 1029 3092 llarte
1051 3031 1182 3092 secunde

376 3134 522 3196 Cantaber
546 3137 616 3197 isset
638 3155 745 3215 eques,
768 3135 856 3215 pleno
880 3136 1047 3211 excipiente
1070 3133 1222 3212 triumpho

375 3237 538 3298 Decrevere
562 3246 661 3316 patres
682 3240 770 3298 tantis
792 3246 875 3314 grata
898 3238 994 3296 curtlia
1018 3238 1116 3312 gestis.

374 3338 478 3416 Magna
502 3339 621 3410 damus,
646 3342 702 3400 nisi
723 3348 755 3399 tu
779 3339 869 3405 uclis,
894 3340 1004 3399 maiora
1028 3337 1139 3406 daturi,

337 3430 363 3499 rs
379 3439 446 3501 lure
469 3444 548 3519 pari,
574 3444 679 3502 meritc
702 3442 834 3509 diverso,
860 3458 917 3499 unu
940 3441 1024 3520 quasi
1047 3438 1116 3501 belli

376 3542 513 3604 lutuleris
536 3552 632 3603 motus
655 3545 833 3604 l'enctnmre
856 3542 1003 3604 rettuleris
1026 3541 1153 3601 bostem:

378 3645 536 3706 Gratamur
559 3646 678 3715 reduci,
702 3645 753 3706 sed
776 3644 854 3724 quod
879 3654 906 3705 te
931 3646 1063 3722 principe
1086 3641 1155 3704 belli

377 3747 512 3825 Suspicio
535 3747 641 3827 procul
663 3749 757 3807 omnis
780 3746 877 3807 abest:
902 3746 959 3807 buc
982 3748 1045 3806 uria
1069 3753 1181 3812 tecum.
1318 3741 1472 3828 staffilum

377 3849 441 3911 lluc
464 3867 625 3929 pacemque
649 3850 755 3918 trabis,
780 3850 923 3909 tutissima
947 3858 1079 3926 tempora
1102 3842 1214 3908 abactis

243 4086 264 4119 77
282 4087 405 4138 Laetitiae
425 4091 450 4138 3.
458 4090 513 4136 Μ.
528 4087 607 4152 (ubiq.
623 4087 674 4148 iti).
728 4084 750 4116 ⁵⁵
767 4086 856 4151 Prope
875 4086 1024 4150 piscariam
1043 4089 1150 4150 portam
1170 4083 1265 4134 clerici
1284 4100 1382 4134 novum
1401 4102 1472 4151 prae·

175 4172 262 4224 aulem
273 4172 496 4223 seeundoRbeno
510 4172 707 4221 adventantem
722 4170 908 4235 excipiebant.
945 4168 967 4200 ⁵⁸
977 4167 1017 4235 10]
1030 4170 1195 4219 (lerursuiec
1208 4171 1249 4225 du,
1259 4170 1324 4230 beia,
1338 4170 1396 4220 dei!
1407 4186 1471 4221 narn

174 4263 232 4308 tum
251 4272 300 4322 per
319 4256 496 4306 Germaniam
515 4256 633 4306 nondum
653 4254 824 4305 clemalmtur
843 4255 990 4304 berburum
1011 4254 1078 4304 illud
1096 4255 1213 4304 Hurrad.
1272 4254 1295 4284 77
1313 4254 1356 4304 ad.
1371 4261 1414 4306 est
1432 4256 1470 4321 pl.

175 4340 257 4407 nem]
283 4341 384 4406 plateae
408 4341 565 4391 bominibus
588 4346 655 4390 totre
681 4345 816 4389 contectae
840 4345 917 4400 sunt,
943 4340 998 4388 iam
1023 4355 1078 4389 non
1101 4345 1165 4389 stant
1188 4337 1303 4404 plateae,
1327 4339 1470 4391 πλατεῖαι.

174 4426 197 4460 ‘¹
210 4428 312 4477 benamu
329 4444 376 4476 em.
391 4429 415 4475 3.
429 4434 457 4475 ul
472 4428 604 4491 sequeutia
623 4428 739 4491 quinque.
792 4423 813 4454 77
831 4425 921 4474 sedere
935 4430 959 4473 5.
1007 4425 1029 4456 77
1051 4424 1216 4489 Triumphum
1233 4428 1381 4489 imperator.
1430 4426 1470 4475 fe-

175 4511 269 4561 liciter
288 4511 457 4576 essene.
522 4509 544 4541 77
563 4512 711 4575 cxaegisset
730 4511 753 4557 1.
811 4509 834 4540 77
851 4510 946 4559 durrnn
966 4511 1073 4559 iberum
1091 4512 1128 4559 Μ.
1143 4509 1213 4559 Cato
1231 4509 1388 4574 superarit,
1408 4510 1470 4559 Cel·

175 4602 221 4647 tas
235 4596 330 4648 Cacsar
348 4595 441 4645 lulius.
494 4593 515 4626 ⁷²
529 4595 719 4656 „Cantabrum
738 4594 876 4644 indoctum
896 4595 961 4659 iuga
980 4596 1052 4645 ferre
1072 4596 1181 4645 nostra'¹
1202 4594 1280 4657 (Iler.
1294 4593 1345 4642 Od.
1359 4594 1396 4643 11.
1409 4593 1469 4658 list.)

175 4683 341 4732 domuerunt·
356 4681 475 4745 dragusti
492 4678 589 4744 legati.
646 4680 668 4711 77
686 4680 786 4730 Veneti
805 4696 875 4746 pace
894 4695 954 4729 curu
974 4679 1062 4730 Gallis
1081 4680 1150 4730 inite
1169 4695 1230 4728 cum
1243 4679 1355 4729 Caesere
1374 4695 1470 4748 pacem

177 4768 246 4817 inire
265 4766 492 4816 detrectaverant
510 4764 603 4830 paullo
621 4772 686 4816 ante
706 4781 787 4830 qnam
806 4766 857 4816 boc
877 4781 988 4816 cutmen
1007 4770 1216 4832 conponcrctur.
1275 4764 1297 4797 ⁷⁸
1316 4765 1375 4815 otiu
1393 4769 1417 4815 5.

1174 4852 1243 4913 23*
