3294 5408
179 371 253 445 398
356 400 480 437 EV'l'Tllll
494 400 524 435 ut
537 400 734 436 BXGBP'HONE!
748 400 931 436 HOGVll‘l'lllss
945 400 1067 435 sensnm
1082 399 1311 438 rennamcvs.

380 554 474 626 Quam
495 553 644 634 loqueris,
668 555 754 615 vivit?
778 557 844 633 quis
867 556 981 615 cautius
1003 556 1067 615 ocia
1091 557 1163 616 vitat

315 674 366 717 mu
381 654 476 718 Olllcii
498 657 630 717 memori
653 664 704 716 aut
725 658 791 735 quis
813 655 880 733 plus
902 657 1045 736 prodesse
1068 656 1206 718 loborat?

280 802 289 813 -,
379 758 444 818 lluc
466 775 534 827 vos,
558 776 575 817 o
598 766 701 818 statue
726 759 832 837 (neque
855 760 935 819 enim
958 760 1073 838 vivique
1094 759 1226 839 virique)
1320 757 1501 841 ll:„³‡,2‘,'·⁴¹·

380 858 554 929 Pontifices,
577 859 680 920 oculos
702 859 859 929 advertite,
884 863 940 921 vita
962 867 1081 938 petatur

379 960 473 1022 lluius
495 960 532 1022 ob
555 960 704 1039 exemplo!
727 979 778 1022 vos
800 963 829 1021 in
852 964 1007 1040 presentia
1030 968 1143 1023 tantum

379 1061 528 1123 Proclives
549 1063 654 1123 animis
678 1063 764 1123 vitam
788 1066 960 1124 consumitis
982 1081 1116 1134 omnem,

314 1180 365 1222 reso
379 1164 479 1241 lgnari
501 1183 565 1243 quse
589 1183 639 1225 vos
662 1164 799 1235 deceant,
822 1165 976 1226 venatibus
998 1167 1058 1244 apti

381 1263 511 1344 Ocisque
533 1266 634 1326 infami
656 1267 789 1328 secordia
812 1267 923 1329 ducere
945 1285 1066 1336 somno,

379 1365 465 1437 Vina,
490 1366 595 1444 dapes,
620 1368 758 1437 choreas,
782 1381 886 1429 cantus
908 1368 986 1430 boue
1008 1386 1121 1429 summa
1144 1371 1279 1448 putarim

363 1468 502 1529 'Pascitis
524 1468 697 1547 ingluviem
721 1470 807 1549 quid,
831 1470 909 1549 quod
933 1470 1040 1531 dixisse
1064 1469 1241 1549 pudendum

379 1569 454 1630 Huic
476 1570 567 1639 foret,
590 1579 621 1630 at
642 1570 725 1631 vobis
747 1574 834 1633 etiam
858 1572 963 1633 iecisse
984 1572 1142 1642 decorum,

314 1689 363 1731 nes
378 1669 411 1730 ln
435 1670 555 1732 Veneris
578 1671 680 1734 ludum
703 1681 733 1735 et
755 1673 847 1736 lmdas
870 1674 1051 1736 descendere
1074 1674 1197 1736 sordes?

381 1771 446 1833 Non
468 1791 589 1853 possum
613 1773 734 1837 laudare
756 1775 852 1837 honos
873 1784 1048 1855 rectumque
1070 1777 1162 1847 tueri,

380 1873 447 1935 Nou
469 1874 566 1936 odisse
589 1875 684 1937 malos
707 1878 880 1958 crimenque
902 1880 1052 1939 incessere
1073 1876 1183 1956 lingua.

378 1975 492 2037 llorum
514 1978 561 2039 isti
583 1977 655 2038 nihil
678 1987 735 2040 est:
759 1981 789 2039 in
812 1979 965 2057 relligione
988 1979 1109 2039 diurnas
1163 2028 1167 2033 .

378 2077 602 2157 Nocturnasque
625 2081 703 2142 vices
725 2080 854 2160 disponit
876 2089 905 2142 et
926 2082 1031 2141 anxius
1052 2080 1145 2142 emhit

317 2197 367 2240 mro
379 2178 483 2241 Officio
506 2167 576 2242 satis
598 2199 662 2243 esse
685 2201 754 2252 suo;
778 2201 837 2243 non
860 2182 909 2245 ille
931 2183 1064 2243 ministro
1307 2181 1481 2267 13:322*

379 2282 540 2344 Committit
562 2285 731 2362 peragenda
753 2285 809 2345 sibi
832 2303 884 2346 sua
906 2302 1007 2353 sacra,
1032 2284 1134 2345 videtis

377 2385 501 2446 Admota
525 2394 654 2448 truciore
677 2405 767 2448 manu
790 2388 972 2466 proprioque
996 2394 1149 2447 canentem

378 2484 437 2547 Ore
459 2488 546 2549 deum
568 2488 680 2550 laudes.
704 2490 757 2551 Cui
780 2506 864 2550 mens
886 2490 942 2548 luit
963 2490 1017 2549 ista
1040 2490 1189 2566 priorum,

378 2588 465 2651 Cuive
488 2590 566 2651 istud
589 2590 733 2660 studium,
757 2590 919 2669 similisque
941 2592 971 2650 iu
994 2589 1085 2651 rebus
1106 2589 1229 2669 agendis

315 2707 365 2749 rus
380 2689 543 2751 Sedulitssl
564 2692 660 2770 primo
684 2693 818 2770 ingressu
841 2690 969 2769 collapsa
990 2698 1035 2752 tot
1056 2691 1139 2752 annis
1388 2692 1473 2771 ,w

377 2791 555 2854 Restaurare
577 2803 670 2873 parat.
694 2795 760 2873 quis
781 2812 904 2855 munera
927 2792 1037 2872 largius
1058 2810 1189 2873 unquam
1380 2794 1475 2872 pff*

377 2893 533 2974 dispersit,
556 2913 624 2956 cum
646 2901 765 2974 tempus
788 2903 864 2967 erat,
889 2897 990 2975 quisve
1012 2897 1088 2956 inter
1111 2911 1223 2974 egenos

376 2996 512 3057 Proindit
533 3004 592 3057 tem
613 2996 697 3058 laetus
720 2997 808 3075 opes?
832 2999 897 3077 quis
919 2999 1027 3075 sepius
1049 3004 1128 3057 artes

377 3098 481 3160 Auem
502 3096 586 3160 lucro
609 3109 638 3161 et
660 3101 772 3161 meritis
794 3098 870 3161 bene
893 3099 971 3160 dona
993 3098 1146 3177 rependit?

312 3217 362 3262 nso
377 3200 509 3278 Surgite,
533 3200 676 3271 Virtutes,
700 3207 941 3280 experrectaeque
963 3201 1072 3262 reverti

377 3301 484 3363 Usibus
505 3302 643 3364 humanis
665 3302 804 3380 gaudete!
828 3303 969 3363 immensa
993 3302 1119 3363 merenti

375 3405 497 3465 Praemia
521 3407 684 3483 proposuit.
707 3405 861 3482 despecta,
886 3402 1007 3464 attollite
1029 3410 1126 3464 rectas

376 3506 525 3577 Cervices,
548 3506 664 3575 Studia,
689 3513 717 3568 et
739 3506 895 3567 redivivam
919 3505 1093 3584 appreudite
1113 3503 1257 3584 palmam!

376 3608 479 3668 luvitst
500 3609 602 3686 precio
626 3611 762 3669 virtutem
786 3615 814 3668 et
836 3605 969 3668 moribus
992 3606 1081 3668 altum

310 3729 359 3769 uss
373 3710 507 3789 Egregiis
529 3713 662 3788 aperitur
684 3713 749 3770 iter.
783 3708 962 3770 Clementior
985 3708 1033 3770 illo

279 3806 282 3811 ’
372 3811 437 3873 Non
460 3811 528 3882 fuit,
552 3813 684 3873 insanam
707 3811 847 3872 cohibere
869 3813 1002 3873 tenacius
1024 3812 1098 3872 iram

375 3912 430 3983 Oui
453 3922 552 3993 posset
573 3912 766 3992 stimulosque
788 3931 858 3972 suos
880 3931 984 3973 arcere
1006 3911 1184 3990 premendo:

375 4014 446 4085 Quis
470 4015 544 4077 videt
567 4016 692 4077 iratum?
714 4033 811 4093 neque
834 4022 904 4075 tunc
927 4032 995 4075 crim
1018 4014 1116 4074 audita
1139 4012 1242 4073 luisset

374 4117 466 4177 Causa
488 4117 668 4195 Pepercorni
690 4117 817 4196 tetrique
838 4116 977 4195 adaperta
1002 4116 1105 4177 veneni
1281 4111 1473 4193 Uim„

312 4239 362 4280 vrso
378 4219 489 4280 Scrinia
514 4223 543 4279 iu
566 4221 687 4281 exitium
709 4218 765 4278 sibi
787 4218 861 4279 iacta
885 4219 1004 4297 suisque
1028 4218 1153 4285 videret,

238 4492 281 4527 ¹²⁸⁶
299 4494 337 4543 Hi
354 4507 451 4544 verens
463 4491 562 4541 Febris
581 4489 686 4556 dialogi
704 4489 783 4554 quusi
801 4489 937 4555 prodromi
955 4493 1025 4538 suut.
1074 4486 1116 4521 ¹⁸³¹
1137 4486 1297 4551 Otiuqneo.
1347 4484 1395 4521 ¹¹⁸⁸
1413 4489 1472 4539 Hoc

169 4585 195 4629 et
212 4581 353 4644 splenico
369 4580 457 4629 om.3.
511 4576 648 4642 religione
668 4579 692 4625 d.
741 4573 786 4606 ¹¹⁴²
804 4575 847 4625 Cf.
860 4574 914 4624 vol.
928 4574 949 4623 Ι.
964 4589 989 4638 p.
1006 4571 1062 4623 105.
1076 4587 1149 4622 num.
1162 4570 1306 4621 xxxlm.
1358 4571 1406 4607 Μ
1424 4589 1470 4623 ex·

170 4667 352 4728 pereetreq35
405 4660 448 4695 ¹²⁵¹
465 4661 575 4712 Premis
589 4664 645 4710 r.2.
701 4657 743 4691 ¹²⁵⁴
761 4660 850 4724 pretio
865 4662 889 4710 6.
942 4656 986 4690 ¹²⁵⁹
1004 4657 1048 4707 cf.
1062 4672 1144 4723 supro
1161 4673 1187 4722 p.
1200 4654 1260 4706 347.
1272 4654 1398 4724 vesp.
1409 4654 1469 4709 349.

169 4746 195 4809 ἕ.
208 4746 233 4797 3.
247 4746 448 4814 Pepericornus
460 4748 485 4795 in
497 4749 610 4799 lemmate
627 4745 703 4795 dubet
723 4748 748 4794 3.
761 4743 922 4809 sequentibus
940 4745 1061 4794 lemmatis
1078 4743 1184 4793 omum.
