3294 5408
268 422 343 496 468
379 451 469 492 BHM.
479 449 619 488 vnxuouti
632 448 739 486 orum
752 445 853 486 (mm
866 446 902 482 D!
911 443 1265 482 rxvsr.1.1nou.1.vrnm
1280 444 1322 479 1¹1·
1333 441 1455 481 cum.
1463 441 1601 480 ΙΔΙΒΝΙ.

524 719 559 761 Iu
579 717 802 761 portentosum
818 715 939 758 uorum
950 714 1122 758 PONTIFICIS
1134 714 1322 758 mmmm

450 794 509 839 SVB
529 794 619 838 OVINO
638 793 778 836 reamur
793 791 1028 835 RAPAOISSIMVM
1044 791 1152 833 erem
1167 791 1410 834 occurremur

641 876 862 936 HIERONYM
867 876 924 932 VM
943 875 1126 933 ALEANDR
1135 876 1192 932 VM

502 979 677 1039 MABYlNl
698 977 881 1035 LVYHERI
903 975 1060 1046 QVIDAM
1078 975 1268 1034 MSCIPVL
1278 975 1336 1034 VS.

471 1120 514 1174 Aa
537 1133 592 1173 nan
615 1118 644 1171 in
660 1113 729 1188 faiis
750 1113 802 1170 iac
824 1128 885 1169 esse
905 1114 1042 1182 uidemus,
1064 1120 1094 1168 ut
1115 1128 1202 1186 nsque

558 1201 749 1259 Christicolum
769 1200 902 1271 pupulum
923 1201 1016 1269 turpis
1038 1199 1134 1270 Apella
1151 1203 1290 1270 premat?

470 1290 514 1344 An
535 1302 590 1342 non
608 1301 711 1358 verpus
730 1290 807 1353 erat,
829 1301 883 1358 qua
903 1284 998 1356 fretas
1019 1281 1108 1339 Iulius
1126 1285 1188 1340 alim

444 1393 456 1433 t
556 1370 648 1444 Impia
670 1376 712 1426 tat
732 1384 812 1442 repes
832 1372 914 1426 mavit
936 1370 975 1424 ati
992 1385 1074 1424 arma
1092 1372 1176 1440 pias?
1255 1392 1261 1401 ·

469 1461 514 1516 An
532 1474 587 1515 nan
607 1470 709 1528 verpus
731 1460 809 1523 erat,
831 1454 904 1510 luda
925 1455 1090 1510 sceleratior
1111 1456 1185 1526 ipso,

554 1543 612 1599 Per
633 1555 712 1613 quem
735 1545 888 1612 tempestas
908 1541 995 1595 saaiit
1018 1537 1241 1594 Hactstratica?

469 1630 553 1686 Nunc
573 1626 713 1683 meander
732 1626 822 1694 adest,
845 1627 973 1680 recutita
993 1625 1082 1696 pluria
1103 1626 1209 1696 pentis,

444 1731 456 1771 s
557 1713 740 1785 Intentatqae
760 1712 828 1768 viris
848 1713 938 1766 amnia
961 1710 1024 1764 dira
1043 1709 1154 1780 pratis:

471 1799 545 1856 Ecce
562 1803 675 1854 armata
700 1798 773 1852 uenit
790 1797 867 1867 fictis
888 1799 970 1868 nipra
993 1794 1081 1850 bellna
1105 1795 1184 1850 bullis

555 1884 595 1939 Et
616 1897 691 1938 auem
707 1882 842 1937 simulans
863 1880 969 1937 hostica
988 1884 1091 1935 cuncta
1103 1884 1211 1951 parat,

471 1970 580 2025 Etrurii
600 1966 701 2034 libras,
723 1969 810 2038 mapis
831 1966 994 2022 exurendas
1016 1971 1047 2020 at
1064 1967 1137 2037 ipse,

434 2072 458 2112 m
557 2053 590 2109 st
604 2057 720 2124 caperet
738 2051 828 2123 factis
844 2055 965 2123 prumia
988 2051 1071 2123 ‹ii‘prm
1090 2053 1159 2104 suis.

470 2137 533 2194 Hac
550 2142 706 2194 monstrum
727 2136 822 2193 Caroli
841 2138 915 2208 repis
937 2151 968 2192 se
987 2137 1073 2191 trusit
1095 2137 1123 2189 in
1140 2135 1234 2190 aulam

556 2223 718 2280 Funestam
736 2219 825 2294 furiis
844 2223 936 2277 amnia
958 2223 1023 2277 lata
1043 2221 1132 2275 malis.

470 2306 538 2382 Ipse
558 2310 622 2364 licet
638 2322 722 2363 sacra
740 2309 832 2379 finpat
852 2322 883 2363 se
902 2306 984 2378 sante
1002 2310 1148 2372 renatum,

433 2410 458 2453 m
558 2394 686 2449 Attamen
709 2395 833 2465 apaascit
852 2407 921 2464 pens
942 2394 1063 2448 recutita
1080 2405 1175 2456 suum,

472 2480 603 2552 Apuoscit
626 2493 740 2550 verpum
762 2481 886 2551 strepitu
906 2492 959 2533 sua
981 2477 1065 2536 verbu
1085 2480 1246 2541 sanantem

557 2564 688 2636 Apnuscit
710 2564 829 2631 uultum,
851 2564 1001 2619 mentulam
1023 2568 1051 2618 et
1071 2562 1224 2633 inueniam,-

472 2647 642 2722 (laacnnque
662 2651 799 2720 aspicias,
822 2647 948 2705 ludam
970 2652 1073 2704 cuncta
1096 2648 1261 2718 loquantur,

432 2751 459 2793 m
559 2733 671 2802 Sermo,
690 2734 776 2805 fides,
798 2749 903 2803 mores,
924 2750 969 2802 as,
992 2735 1083 2800 calor,
1108 2734 1167 2803 ipse
1184 2730 1305 2786 habitus.

471 2819 544 2889 Qua
566 2825 692 2876 monstra
714 2819 759 2874 liic
781 2819 903 2875 Lernam
924 2819 1046 2891 conflata
1069 2818 1191 2874 videmus
1212 2817 1239 2871 in
1262 2831 1368 2884 unam,

557 2903 620 2960 Siue
640 2903 745 2959 Midam
765 2910 889 2976 spectes,
912 2908 968 2963 siue
993 2904 1138 2959 Thrasana
1157 2903 1265 2975 mapis?

471 2991 525 3046 Est
547 2989 672 3052 Gnatum
694 3005 756 3045 cum
776 2990 871 3051 libain
891 3006 947 3046 non
968 2989 1020 3045 lmc
1038 2988 1177 3060 sariasiar
1197 2988 1288 3047 Alam
1325 3046 1330 3061 ⁸

431 3091 457 3132 m
560 3073 643 3147 Saepe
662 3078 747 3130 etiam
766 3073 861 3147 sadus
881 3074 1099 3146 Sardanapalus
1120 3075 1185 3128 erit.

472 3161 583 3219 Coeiera
605 3176 660 3216 nan
682 3159 824 3233 reserum,
846 3160 945 3232 quibus
964 3163 1053 3232 ipsam
1076 3157 1306 3228 Sardanapalum

556 3246 724 3318 Exuperat:
745 3246 813 3317 quid
833 3247 905 3300 enim
923 3252 991 3301 nata
1008 3242 1121 3316 referre
1139 3245 1236 3298 iuvat?

472 3331 534 3388 Nan
554 3330 637 3386 habet
654 3330 700 3386 iui'c
717 3332 810 3387 oeulos
829 3332 958 3403 penerasi
973 3331 1114 3402 principis
1134 3329 1221 3384 aula?

432 3433 458 3473 m
561 3416 623 3471 Non
646 3415 731 3471 liabet
750 3415 795 3471 lu'a
815 3415 917 3487 sarteis
941 3416 1065 3471 Teutana
1085 3414 1168 3470 turba
1188 3417 1308 3468 manas?

474 3501 568 3558 Huius
588 3504 752 3573 prouenitar
771 3503 886 3572 tripinta
904 3501 1001 3572 praelii
1025 3498 1118 3555 lesum

558 3588 695 3658 Nummus,
717 3588 762 3644 liic
782 3590 857 3646 altra
874 3590 999 3660 prodere
1019 3605 1074 3645 naa
1096 3587 1213 3643 dubitat.

874 3699 963 3742 FINIS.

332 3855 438 3906 Proeter
451 3855 578 3922 exemplu
590 3861 612 3907 1.
622 3863 649 3909 G.
657 3864 681 3906 et
692 3856 775 3907 thoe
790 3871 902 3906 carmen
913 3856 999 3906 habet
1009 3857 1095 3906 etism
1103 3851 1418 3920 WittebcrgensisOpp.
1426 3855 1522 3909 Luth.
1532 3860 1591 3911 edi-

269 3941 318 4002 tio,
333 3944 397 3992 tom.
410 3940 446 3990 11.
461 3941 509 3991 fol.
523 3938 579 3992 35³.
592 3957 631 4007 sq.
647 3958 680 3992 ex
693 3944 716 3991 1.
730 3943 888 4006 repetitum.
908 3943 1025 3992 lenense
1038 3939 1121 3990 Luth.
1135 3939 1205 4006 Opp.
1220 3937 1374 4003 exemplum
1390 3955 1518 3993 carmen
1534 3960 1590 3994 nou

269 4026 387 4090 recapit.
440 4023 821 4092 v.4.]sincarurquidsm2.
868 4023 1144 4076 ¹tatisnonesse2.
1191 4022 1318 4088 ’Apella
1336 4022 1367 4086 (i.
1383 4039 1409 4074 e.
1425 4027 1496 4079 sine
1518 4047 1590 4095 proe—

269 4110 358 4174 putio)
377 4111 456 4175 qussi
474 4113 585 4176 poetica
603 4112 799 4177 cuiuscumque
812 4110 899 4161 ludaei
917 4110 1105 4175 supinatione
1118 4115 1177 4160 tum
1189 4108 1345 4158 utebantur.
1404 4107 1416 4140 ⁸
1434 4112 1538 4164 Iulius
1551 4116 1590 4164 11.

270 4193 405 4244 Similiter
422 4195 481 4259 ipse
494 4196 631 4246 Lutherus
649 4198 677 4246 in
690 4197 751 4246 Act.
766 4195 844 4246 acad.
857 4196 963 4246 Lovan.
977 4194 1070 4258 (Luth.
1084 4194 1155 4261 Opp.
1170 4194 1213 4245 od.
1226 4192 1393 4257 Witteberg.
1408 4199 1483 4247 tom.
1500 4199 1524 4249 1.
1540 4200 1589 4249 iol.

270 4278 323 4329 35¹.
338 4280 397 4330 siva
417 4280 459 4330 ed.
473 4280 531 4330 len.
546 4281 617 4346 Opp.
631 4282 694 4331 Lat.
709 4286 774 4330 tom.
790 4281 811 4329 1.
825 4280 873 4331 fol.
887 4279 970 4342 497⁸.)
990 4281 1062 4342 „Est
1079 4279 1131 4330 hoc
1151 4281 1179 4329 in
1199 4278 1278 4335 istis,
1298 4282 1328 4326 ut
1347 4276 1518 4333 Christiani
1539 4302 1588 4351 pn-

270 4365 376 4414 tiantur
400 4381 417 4415 a
434 4364 544 4415 Iudaeis.
574 4367 616 4417 sic
634 4365 743 4415 Iudaeus
767 4366 899 4415 incitavit
916 4364 1016 4414 Iulium
1039 4363 1196 4429 pontificem
1221 4365 1250 4412 in
1273 4362 1390 4412 exitium
1416 4366 1518 4430 orbis,
1547 4371 1588 4419 sic

269 4448 446 4499 Pielferkorn
470 4449 593 4500 Coloniae
617 4450 740 4500 turbavit
763 4450 856 4499 orbem
880 4449 1080 4510 Christianum,
1111 4449 1152 4498 sic
1175 4464 1247 4498 nunc
1270 4447 1413 4506 Aleauder
1438 4461 1589 4519 cognatus

270 4531 344 4582 Iudae
367 4535 456 4584 vincit
479 4550 543 4585 suos
567 4536 700 4597 maiores,
727 4534 772 4586 val
795 4535 829 4585 ob
853 4539 910 4584 tras
934 4534 1079 4584 drachmas
1096 4534 1252 4599 proditurus
1271 4548 1326 4582 rem
1346 4536 1588 4600 evangelicam”.

270 4616 281 4647 ⁰
299 4617 382 4668 belua
395 4622 421 4669 2.
435 4617 532 4683 (altera
544 4619 553 4669 1
566 4626 634 4671 inter
651 4620 730 4671 uerba
747 4620 840 4670 omnia
852 4626 877 4669 et
895 4619 956 4669 dira
973 4620 1116 4684 superioris
1127 4634 1216 4669 uersus
1227 4618 1345 4683 effupr'it).
1403 4618 1426 4651 ¹⁰
1446 4622 1548 4673 civem
1564 4629 1588 4676 Ι,

273 4700 433 4753 carrucae
451 4705 575 4769 uritque
594 4720 674 4755 ouem
692 4705 752 4754 sim.
807 4703 829 4736 ¹⁷
846 4720 946 4768 verpus
965 4704 1109 4769 strepitum
1123 4706 1147 4752 t.
1166 4720 1250 4768 verpa
1269 4703 1390 4768 strepitu
1404 4707 1431 4754 2.
1486 4705 1513 4740 ²¹
1532 4709 1587 4759 Ca-

271 4783 324 4834 roli
342 4787 375 4838 V.
427 4785 449 4820 ²⁸
469 4788 555 4839 fortes
573 4789 719 4840 Theutona
737 4793 764 4838 2.
815 4787 838 4820 ²⁹
856 4790 950 4840 ludas.
1002 4789 1056 4839 Pro
1074 4789 1122 4840 aaa
1139 4789 1259 4839 normula
1276 4789 1303 4838 in
1320 4789 1418 4839 zeti:
1437 4789 1587 4845 Numerus
