3294 5408
304 397 427 433 erarem
441 396 470 431 ru
483 395 600 433 ronsnrs
612 396 648 432 na
661 395 772 432 uvares
786 395 942 432 rurnnrruu
955 395 1141 432 neruonarro.
1296 367 1370 439 409

228 575 265 615 ms
282 552 416 613 Nativum
439 550 593 613 cumulare
615 551 707 612 decus
730 550 874 628 laetisque
896 550 1014 612 decoris

279 654 435 733 Egregiam
459 653 541 714 vobis
563 651 679 714 laudem
702 659 731 713 et
752 652 946 714 memorabile
968 670 1078 714 nomen

280 757 434 829 Quaerere:
458 757 483 816 si
505 761 593 834 rupta
614 756 740 816 miscere
763 772 884 815 neeesse
906 753 1049 815 tumultus

282 859 357 919 Ante
380 860 477 939 quiete
501 857 569 927 luit,
593 858 720 935 pacique
743 857 902 917 immittere
925 854 1051 925 bellum,

281 961 312 1021 Si
334 978 385 1020 ros
407 960 450 1021 ira
472 960 570 1039 prius,
593 961 618 1020 si
640 978 698 1038 qua
721 959 882 1037 indignatio
905 960 996 1019 movit

226 1082 264 1122 roo
280 1061 385 1125 Ulcisei
407 1069 527 1123 autores
548 1061 710 1130 scelerum,
734 1060 783 1121 bio
805 1067 980 1140 tempusque
1003 1059 1135 1140 deusque

282 1165 371 1225 Arma
395 1163 509 1233 volunt,
533 1162 663 1241 Equites.
687 1180 724 1224 an
748 1161 805 1223 boe
827 1163 882 1224 iste
903 1165 1030 1243 patrarit
1051 1163 1190 1233 inultum,

282 1266 354 1327 Cum
378 1266 436 1326 sint
457 1264 503 1324 hm
526 1266 621 1325 riresi
643 1266 681 1326 ita
704 1282 756 1324 vos
778 1267 996 1343 contempserit·
1011 1263 1104 1336 ullus,

279 1368 376 1430 tusus
397 1376 430 1428 ut
451 1366 509 1428 boo
530 1368 637 1429 fueriti
659 1367 704 1428 rel
725 1374 843 1446 postera
866 1366 973 1428 dixerit
993 1373 1063 1430 aetas

281 1470 428 1532 Francum
451 1467 532 1531 orbis
555 1469 703 1549 quondam
726 1467 903 1530 domitorem
925 1488 942 1529 a
965 1468 1091 1531 sortibus
1113 1473 1186 1532 actis

228 1593 266 1634 ros
282 1573 483 1652 degenerasse
505 1580 623 1650 patrum
646 1569 809 1651 mollesque
831 1570 973 1633 induoere
995 1591 1095 1634 mores

278 1675 497 1754 segnitiemque
520 1674 644 1735 novam?
667 1680 748 1735 certe
769 1672 833 1733 baee
856 1690 907 1735 vos
929 1692 1016 1737 eausa
1038 1673 1179 1755 pudendo

277 1777 393 1838 Adiciet
414 1776 531 1838 deserta
554 1775 681 1855 probro,
705 1774 824 1837 delensa
847 1775 978 1853 superbo

278 1877 406 1942 Extollet
426 1879 535 1940 decore
557 1885 587 1939 et
608 1878 693 1939 laetis
715 1876 843 1956 aequabit
864 1878 956 1939 avitis.

278 1981 340 2042 Nee
362 1982 455 2061 magis
478 1980 525 2041 bie
548 1998 632 2042 meus
654 1988 698 2041 est
719 1978 832 2041 elamor
854 1997 943 2058 quarn
965 1982 1118 2060 sanguinis
1140 1982 1242 2043 huius:

225 2104 264 2144 no
275 2084 410 2146 insontes
432 2065 489 2145 boo
510 2089 602 2160 agunt
624 2099 741 2152 manes,
765 2099 822 2144 nec
844 2081 959 2145 desinet
980 2100 1110 2162 unquam

277 2184 397 2246 Flebilis
419 2183 524 2246 umbra
548 2185 646 2264 queri,
670 2184 741 2245 dum
763 2203 815 2246 vos
838 2182 991 2247 ultricibus
1012 2188 1104 2249 armis

277 2287 356 2349 lusta
379 2285 552 2366 permutetis,
576 2286 782 2366 tumulumque
804 2284 911 2347 bostile
934 2295 1071 2350 cruentet

278 2389 393 2469 Corpus
416 2396 445 2451 et
467 2391 573 2450 iratum
596 2388 708 2450 soletur
732 2389 845 2449 victima
868 2387 1007 2458 bustum,

278 2491 394 2552 inferiae
416 2498 522 2553 moesto
546 2491 648 2552 cineri.
672 2491 730 2551 Vos
752 2492 879 2553 moverit
901 2493 955 2552 iste

170 2632 172 2639 ·
225 2613 264 2655 uu
279 2594 426 2654 l‘raeterea
448 2593 547 2655 luctus
570 2601 599 2656 et
621 2611 687 2673 quaa
709 2590 873 2672 ploratibus
894 2611 983 2655 auras

277 2697 368 2757 Anxia
390 2695 479 2757 turba
502 2697 584 2767 ierit,
607 2702 691 2776 pater
714 2695 762 2755 bio
785 2695 940 2773 moestique
963 2704 1118 2776 perempto

278 2797 386 2860 Fratre
408 2800 449 2877 pii
472 2800 593 2868 iratres,
617 2815 704 2861 soror
727 2805 756 2859 et
777 2797 962 2858 moestissima
985 2799 1108 2868 coniux,

278 2899 393 2980 Quique
415 2903 654 2980 propinquorum
676 2917 749 2978 grex
772 2906 817 2960 est
839 2898 1030 2977 equitumque
1052 2909 1185 2962 catervae.

277 3001 354 3073 Ouid
377 3002 588 3070 miserabilius,
613 3002 683 3081 quid
706 2999 909 3063 conturbatius
932 3019 1062 3081 unquam

225 3125 265 3165 no
279 3105 343 3166 lloe
364 3123 435 3167 sene
457 3104 588 3166 vidistis?
610 3121 681 3165 num
704 3122 773 3182 spes
795 3101 866 3165 buie
887 3100 946 3164 ulla
970 3111 1122 3185 superstes

277 3207 318 3268 Ex
342 3214 424 3269 tanto
445 3208 553 3269 mansit
573 3204 712 3267 errmulo?
734 3223 861 3285 namque
883 3205 1021 3268 omnibus
1043 3208 1130 3268 istum

276 3310 351 3371 Ante
373 3309 459 3373 bonis
481 3309 589 3371 tulerat
610 3310 714 3378 miser,
739 3307 804 3370 baec
825 3308 928 3370 solatia
951 3309 1035 3371 iessis

277 3411 378 3473 liebus
399 3411 482 3474 alens
503 3412 643 3491 sperabat
664 3430 751 3492 opem
774 3412 937 3491 elimtaeque
959 3418 1086 3474 senectae

277 3515 448 3577 Praesidium
472 3520 603 3594 optarat;
628 3513 723 3594 plenis
745 3513 808 3575 laeta
832 3515 929 3574 omnia
954 3515 1028 3575 rotb

225 3635 263 3678 ns
278 3618 353 3678 ilino
375 3623 548 3695 sumpturus
570 3623 649 3688 erat,
672 3624 785 3679 tantum
806 3622 955 3696 spectarat
976 3617 1005 3677 in
1029 3615 1076 3677 illa

277 3718 378 3781 indole
401 3719 529 3789 virtutis,
554 3719 608 3781 luit
630 3717 771 3780 inclinare
793 3716 927 3780 voluntas

276 3820 379 3883 Robur
402 3823 430 3882 in
453 3821 511 3882 boe
533 3821 681 3883 deiectum
704 3839 797 3883 aerum
820 3821 957 3899 viresque
978 3822 1114 3884 caducas.

277 3924 321 3984 Ab
345 3924 453 3985 lrustra
476 3930 627 4003 speratum
651 3923 745 4000 aegro!
768 3929 815 3992 tu,
840 3921 959 3992 frivola,
985 3922 1057 3984 laiso
1080 3943 1127 3992 es.

277 4027 363 4095 Sors,
387 4024 516 4086 blandita
538 4026 610 4087 seni.
633 4025 686 4086 sed
709 4031 739 4086 et
759 4024 822 4086 baso
844 4023 887 4084 nil
909 4026 1019 4086 certius
1041 4024 1094 4087 abs
1118 4033 1146 4087 te

226 4148 265 4188 mo
280 4129 339 4206 Spe
361 4145 502 4208 suspensa
527 4126 608 4198 tulit,
631 4127 714 4188 sedet
735 4145 773 4188 en
795 4126 980 4188 moestissima
1003 4129 1110 4189 eoniux

278 4230 495 4308 llimidiumque
518 4231 562 4290 sui
586 4230 720 4309 queritur
742 4229 908 4290 miseranda
931 4228 1020 4309 iugali

277 4331 344 4392 Sola
368 4332 470 4394 relicta
493 4331 598 4392 thoro:
622 4338 684 4391 tum
707 4332 752 4391 rix
775 4337 891 4409 gustata
914 4330 1048 4411 voluptas

140 4587 175 4620 ¹⁰⁰
193 4588 331 4653 decusque
352 4592 378 4639 3.
448 4585 481 4620 ²⁰⁸
501 4586 569 4638 laet.
583 4585 661 4652 avit}
685 4593 711 4637 ut
733 4585 852 4639 bonores
871 4587 955 4639 avitae
974 4587 1066 4639 leudis
1087 4590 1183 4643 Lucum
1202 4588 1239 4639 ad
1256 4589 1312 4640 Pis.
1325 4587 1368 4641 33.

72 4671 107 4705 ’Π
124 4670 265 4739 moestius}
285 4674 326 4724 ita
345 4673 431 4723 etiem
449 4689 476 4724 v.
489 4670 548 4724 230.
566 4672 675 4723 moecba
692 4675 788 4724 rectius
805 4674 861 4723 boee
878 4676 1018 4726 diceretur.
1043 4675 1083 4738 Cf.
1097 4680 1176 4726 orati.
1189 4677 1216 4725 in
1233 4676 1290 4726 due.
1308 4677 1368 4726 Vir·

71 4763 142 4822 tenp.
155 4758 203 4808 IV.
217 4758 250 4808 V.
285 4757 672 4824 mnptarntedd.‚eorr.11pl.
713 4755 974 4825 mntqtmnlqa.
1009 4757 1045 4793 ¹⁸⁰
1062 4759 1100 4810 ei.
1114 4760 1149 4811 sd
1162 4776 1188 4812 v.
1201 4759 1260 4811 21⁷.
1275 4758 1367 4811 tdnot.
