3294 5408
713 123 837 159 ΙΠῊῊΙ
850 123 936 159 nlo.

328 279 401 341 Sum
423 278 532 341 Nemo:
554 280 648 339 virum
669 294 726 338 uec
747 294 800 344 ne,
823 277 871 337 eui
893 275 995 337 disere
1016 282 1187 354 promptum
1209 275 1270 335 esti

282 401 309 442 rs
415 380 480 441 Nou
503 382 590 442 eiiam
612 386 782 458 promptum
805 387 850 439 est
871 376 928 439 hoc
950 376 1036 437 mihi:
1061 378 1124 449 riso
1145 383 1262 444 tamem

329 480 423 544 Nemo
444 483 535 559 agitet
555 480 654 544 utem:
697 486 730 540 tu
751 466 822 559 quid
843 486 874 540 te
896 450 1123 569 contrabi&
1145 478 1240 557 quud,

416 584 447 644 Si
456 585 538 644 sivit
559 583 668 651 Nemo,
691 583 788 642 rivere
810 598 871 641 uon
893 581 970 659 potis
992 580 1041 640 esi

329 683 380 745 ilie
403 702 458 762 ego
480 704 547 747 sum
568 685 677 753 Nemo,
700 683 819 760 dequo
841 683 1022 743 monimenta
1045 679 1216 760 loquuntur.

283 806 311 846 ss
420 787 486 867 ipse
508 786 564 849 sibi
585 789 651 847 ritae
672 802 795 846 munere
819 784 913 845 Nemo
935 782 1023 844 dedii.

331 887 424 949 Nemo
446 888 501 950 fuit
521 905 654 966 semper,
677 887 771 949 Nemo
794 889 849 949 isto
872 893 1006 965 tempore
1027 885 1097 945 vixit

417 990 482 1061 Quo
504 988 580 1051 mele
602 988 776 1070 dispositum
800 988 839 1049 dii
861 1005 985 1050 secuere
1007 984 1107 1046 eliens.

330 1091 405 1152 Ante
426 1100 524 1152 ortum
546 1091 640 1152 Nemo
662 1099 707 1152 est
728 1090 846 1169 aliquis,
870 1096 938 1169 post
959 1089 1063 1149 iuuere
1085 1087 1188 1149 Nemo.

284 1213 311 1252 n
419 1192 513 1254 Nemo
536 1194 606 1274 quiri
628 1194 720 1253 insitu
742 1193 835 1253 iertre
857 1191 964 1252 facitne
985 1189 1052 1259 deo,

331 1292 435 1355 O'mnis
458 1294 551 1355 Nemo
574 1303 686 1374 potest,
710 1293 802 1354 Nemo
825 1294 901 1371 sepit
922 1293 1021 1373 omnis
1044 1309 1098 1369 per
1119 1311 1166 1363 se„

417 1395 509 1457 Nemo
532 1403 632 1458 manet
652 1413 780 1475 semper.
825 1394 953 1455 Crimine
975 1392 1069 1454 Nemo
1092 1400 1182 1453 earet„

331 1495 423 1557 Nemo
445 1498 520 1576 sugit
541 1507 684 1565 moriem:
707 1496 800 1558 Nemo
823 1505 867 1559 est
888 1514 904 1555 a
927 1495 985 1555 flue
1006 1501 1173 1573 supersiem

284 1616 311 1657 ιε
417 1598 511 1660 Nemo
533 1617 621 1661 exors
643 1600 719 1662 uerti
740 1599 871 1658 nescitur
893 1597 1038 1657 interitus.

332 1697 425 1760 Nemo
447 1700 561 1761 animos
582 1703 663 1762 norit
683 1717 826 1779 superum
848 1714 1012 1777 sensusque
1033 1696 1184 1775 letepieis3

417 1799 510 1861 Nemo
532 1802 612 1880 quod
634 1809 695 1870 esi,
718 1801 798 1880 quod
821 1808 899 1869 erat,
922 1799 1016 1861 Nemo
1038 1800 1136 1860 sutura
1160 1806 1248 1865 tenet.

331 1901 425 1963 Neruo
446 1901 612 1964 salutiferas
633 1910 742 1982 preter
764 1901 929 1963 servabitur
951 1900 1061 1969 undam

286 2022 311 2064 π
418 2003 512 2065 Nemo
534 2005 622 2067 iidem
645 2005 761 2067 Christo
784 2022 843 2064 uon
866 2002 956 2092 hebet
977 2012 1006 2064 et
1027 2001 1124 2064 bouus
1146 2008 1200 2064 esi.

332 2260 397 2317 Sum
418 2260 516 2327 Nemo,
538 2263 636 2325 vivum.
661 2279 710 2319 nee
732 2279 781 2332 ue,
803 2262 846 2319 cui
869 2260 959 2318 «liuere
981 2269 1139 2337 promptum
1161 2262 1222 2318 esti

277 2361 302 2401 η
408 2346 467 2402 Non
489 2348 569 2404 eiiam
592 2354 697 2404 cerium
720 2355 762 2404 est
784 2347 837 2404 hee
858 2346 937 2409 mihi;
960 2346 1019 2401 viro
1044 2353 1147 2409 tamen:

332 2430 415 2489 Nemo
437 2432 523 2505 agitat
545 2433 641 2495 vitam
663 2432 805 2489 sedenim
826 2434 888 2505 quis
909 2431 1025 2488 creuere
1044 2434 1149 2502 possit?

407 2515 435 2571 Si
457 2519 530 2578 vivo,
552 2535 608 2573 non
630 2524 671 2572 est
691 2519 744 2572 sita
765 2517 839 2589 quod
858 2517 929 2574 alter
950 2518 1014 2588 apii.

334 2599 382 2656 ule
404 2618 456 2674 ego
479 2619 538 2657 sum
560 2601 659 2663 Nemo,
682 2601 716 2657 de
738 2619 794 2676 quo
816 2617 902 2658 sacra
924 2602 1014 2657 littera
1036 2600 1117 2656 dieii:

278 2700 304 2741 ru
370 2732 372 2738 1
408 2685 468 2760 Ipse
490 2685 542 2742 sibi
563 2687 626 2743 vitae
648 2704 759 2743 munera
781 2686 864 2745 Nemo
885 2686 974 2750 neuin

333 2770 416 2827 Nemo
438 2770 491 2827 init
512 2788 634 2847 semper;
656 2771 739 2828 Nemo
763 2771 816 2828 isio
840 2781 962 2846 tempore
984 2771 1062 2833 vixit.

409 2853 469 2922 Quo
492 2855 561 2913 mule
582 2856 747 2931 dispositum
768 2856 804 2912 dii
828 2874 939 2914 secuere
961 2855 1053 2912 culros.

334 2940 427 2996 Omnis
449 2940 532 2997 Nemo
555 2949 661 3015 putenm
683 2941 767 2998 Nemo
790 2941 862 3016 sapit
885 2940 974 2998 omnis
996 2957 1046 3015 per
1068 2957 1114 2998 se:

277 3041 305 3081 2⁰
410 3024 493 3081 Nemo
516 3034 606 3082 manet
628 3043 758 3100 semper:
774 3027 887 3083 crimme
907 3026 992 3096 Nemo
1015 3034 1106 3087 curet:

334 3108 417 3167 Nemo
439 3111 557 3167 animum
579 3111 656 3167 nerii
677 3112 780 3167 demini
800 3128 950 3184 sensusque
974 3109 1104 3171 latentes,

409 3194 493 3252 Nemo
517 3196 589 3271 qirnd
611 3205 667 3258 est,
691 3196 764 3270 quod
787 3204 860 3258 erut,
882 3195 966 3252 Nemo
989 3195 1080 3251 iuturs
1104 3203 1185 3251 leuet.

248 3443 273 3478 ¹⁸
288 3449 424 3511 premium
442 3448 533 3496 2621.
586 3444 607 3478 ”
624 3451 759 3511 promtum
776 3449 868 3496 2621.
920 3445 972 3495 hoe
989 3461 1037 3495 om.
1052 3448 1140 3495 1611.
1158 3442 1221 3511 hoe]
1239 3445 1284 3497 rei
1302 3450 1343 3497 16.
1408 3445 1430 3480 ”
1447 3452 1475 3498 te

180 3526 335 3595 wutruhis]
353 3529 473 3580 animum
490 3528 623 3580 demittis.
670 3527 692 3563 ’θ
709 3531 787 3581 viret
798 3534 840 3582 21.
894 3527 915 3562 ”
933 3526 1112 3594 monimenta]
1131 3531 1174 3605 ed,
1186 3530 1212 3581 1.
1225 3537 1317 3596 aperte
1335 3530 1477 3582 suerslit·

179 3621 257 3666 iere:
275 3614 565 3680 Bononieeseriptaest
581 3616 623 3665 ed.
637 3615 679 3665 11.
709 3619 887 3667 monuments
900 3617 940 3664 16.
988 3613 1125 3679 loqueum
1140 3617 1181 3664 16.
1227 3612 1250 3647 ”
1268 3614 1477 3678 ,‚N0uestulls

179 3704 316 3750 creature
332 3697 483 3749 invisibilis
507 3699 536 3749 in
559 3705 710 3765 conspeetu
734 3701 821 3751 eius''.
838 3699 918 3751 Psul.
933 3715 976 3765 ep.
990 3699 1025 3750 sd
1043 3700 1129 3750 Hsbr.
1147 3700 1196 3751 IV.
1211 3699 1250 3752 13.
1320 3703 1409 3751 ieriue
1427 3702 1474 3751 23.

176 3781 203 3817 ”
222 3783 330 3847 „Nem
347 3789 391 3834 esi
402 3785 449 3850 qui
460 3798 570 3850 semper
581 3785 684 3848 γίνεθ’,
704 3784 862 3835 Ecclesiest
873 3786 922 3836 lx.
935 3786 960 3835 4.
1009 3785 1125 3835 erimine
1137 3820 1155 3835 ..
1170 3782 1257 3851 enei]
1276 3783 1356 3834 rm
1368 3784 1476 3849 episeo-

177 3882 235 3937 pus
247 3866 330 3918 Pauli
348 3882 392 3935 ep.
406 3868 442 3918 ssi
453 3869 511 3919 Tit.
523 3868 546 3918 1.
561 3868 585 3918 7.
637 3866 661 3901 ’1
679 3868 753 3920 ‘Sum
771 3870 881 3934 quidem
898 3874 927 3920 et
945 3884 997 3936 ego
1016 3868 1140 3920 mortalis
1158 3869 1256 3932 home,
1275 3868 1400 3935 Sepieni.
1413 3868 1476 3920 VII.

178 3954 207 4005 1.
221 3952 261 4004 ei.
273 3950 355 4004 nonu
373 3968 417 4019 ep.
430 3952 465 4004 ιι]
476 3952 680 4017 Hebr.1X.27.
700 3954 747 4007 “...
766 3969 861 4005 omues
877 3969 934 4004 uns
952 3960 1046 4005 menei
1064 3970 1117 4004 nox
1129 3955 1166 4005 Et
1184 3953 1320 4006 celemus
1332 3953 1417 4006 semel
1430 3955 1479 4007 vis
1568 3994 1571 3999 .

176 4038 262 4090 resin
280 4034 349 4087 Hor.
362 4036 414 4092 Od.
426 4038 449 4089 1.
461 4037 503 4101 28,
519 4048 551 4088 iu.
565 4054 605 4104 sq.
626 4040 663 4089 ci.
678 4038 881 4104 Propert.1111.
895 4038 971 4103 (111.)
985 4038 1026 4102 18,
1039 4049 1073 4090 n.
1084 4046 1134 4090 ete.
1198 4038 1289 4089 Memo
1309 4041 1350 4089 u.
1415 4055 1443 4090 ι.
1456 4039 1476 4090 i.

175 4119 255 4190 sup.)
274 4123 392 4173 ‘emant
407 4121 475 4174 deus
492 4124 638 4174 homiuem'
658 4124 759 4175 Genes.
773 4124 795 4175 1.
808 4125 850 4174 27.
902 4122 925 4158 ”
943 4140 1038 4175 exsors
1052 4128 1092 4176 16.
1145 4121 1168 4155 ”
1186 4121 1250 4173 ‘uon
1267 4124 1345 4190 sepis
1363 4138 1398 4174 ee
1416 4138 1478 4189 qun

175 4207 230 4259 dei
245 4208 330 4256 suut'.
346 4207 531 4259 Mettum.
544 4208 587 4260 23.
600 4208 687 4258 Mure.
700 4208 776 4258 VIII.
790 4208 833 4259 33.
901 4209 1036 4260 leisuteis
1054 4215 1078 4262 7.
1100 4208 1223 4259 latentes
1242 4210 1329 4259 1625.
1397 4207 1422 4242 ”
1439 4209 1477 4260 ei.

175 4289 300 4359 Apocul.
314 4291 337 4341 1.
350 4290 376 4341 4.
428 4290 448 4324 ³¹
469 4293 505 4342 ei.
520 4293 606 4344 Mare.
620 4293 693 4343 xvl.
710 4292 749 4342 lu.
802 4291 825 4325 ”
844 4294 880 4344 ei.
895 4310 919 4345 e.
933 4311 973 4359 gr.
987 4294 1068 4344 Psuii
1087 4310 1130 4359 ep.
1145 4293 1179 4342 ud
1199 4291 1260 4343 usi.
1274 4294 1311 4344 11.
1329 4292 1368 4345 16.

252 4373 415 4440 nonnul.
469 4374 597 4428 ¹²esium
617 4381 675 4427 1.B.
730 4378 815 4427 michi
834 4383 857 4429 1.
911 4378 932 4410 ¹⁵
951 4379 1033 4429 litere
1045 4382 1071 4431 2.
1124 4376 1268 4429 “uites
1323 4378 1429 4444 “om
1448 4384 1474 4431 2.

173 4470 204 4516 5.
213 4465 277 4512 6.,1.
