3294 5408
165 357 239 452 234
366 387 488 424 ΙΝἹἭΝΙ
502 386 538 421 ΔΙ)
550 387 684 422 ematurat
698 384 909 419 unxrrrrutuuvrt
923 384 1146 419 lll’ltlssffllld'l't'!
1160 385 1253 418 uranu.

368 543 473 604 Nescio
496 542 565 621 quid
588 558 720 619 sperem:
745 547 825 600 ccrtc
849 539 917 617 quid
942 539 1041 599 elicere
1064 545 1203 618 possnru‘t

453 642 570 743 Mobilis
591 640 670 702 ltalia
695 648 754 710 est,
778 639 885 701 nobilis
907 649 974 701 aute
997 643 1060 701 luit.

310 828 353 890 71.
534 829 584 878 Du
603 827 786 877 FORTVNAE
805 827 1091 878 trv'raulul'rtru.

368 950 455 1009 Sorte
477 948 532 1008 sub
556 948 692 1024 ambigua
716 948 867 1007 cleriuctus
891 950 1011 1008 vertitur
1034 947 1116 1007 orbis
1183 973 1189 981 ·

451 1049 544 1129 Inque
567 1045 659 1109 ricem
683 1049 809 1109 redeunt
830 1049 953 1109 candida
977 1057 1005 1108 et
1027 1058 1088 1109 atra
1112 1049 1191 1116 dies;

369 1150 448 1212 lmus
471 1152 506 1212 ad
529 1150 682 1210 arbitrium
706 1149 986 1211 Fortunmluminis
1008 1151 1103 1218 orbae,
1132 1154 1140 1167 ‘

343 1270 355 1310 a
456 1253 498 1314 Ad
523 1259 639 1312 rentum
663 1253 796 1330 exposita
820 1253 960 1312 vertimur
983 1254 1075 1330 inque
1098 1262 1178 1320 rota;

369 1353 472 1415 Omnia
495 1354 565 1414 dant
588 1372 674 1413 casus
696 1353 901 1432 adimuntque:
925 1355 962 1414 ita
987 1355 1109 1415 vertitur
1124 1355 1212 1421 ordo,

455 1457 606 1517 stramen
630 1462 674 1513 est
696 1453 769 1512 ordo
792 1462 897 1514 cuncta
921 1457 984 1533 rogi
1007 1465 1127 1517 temere.

370 1558 434 1620 Vidi
457 1578 511 1636 ego
534 1562 692 1633 regnantes
714 1555 840 1616 Venetos
863 1559 1033 1635 servireque
1057 1557 1128 1627 vidi,

343 1680 356 1720 s
456 1657 663 1736 Sublimesqne
686 1659 792 1717 iterum
817 1658 872 1717 ridi
895 1660 1064 1736 iterumque
1087 1658 1213 1719 bundles

369 1761 496 1821 Parrum
520 1761 594 1820 iutra
618 1761 750 1837 spacium
775 1777 830 1819 nec
852 1759 960 1820 multos
982 1762 1124 1838 temporis
1147 1779 1255 1820 armos:

439 1863 554 1939 ‘Usque
577 1860 650 1921 adeo
674 1862 766 1920 variat
787 1879 853 1920 sors
875 1861 1024 1940 variatque
1047 1863 1114 1922 cito.

308 2044 353 2107 72.
475 2048 575 2110 QVOD
595 2046 780 2097 uolt'rvrru
800 2047 935 2096 FACILE
954 2048 1162 2097 MV'ruN'rvu.

371 2167 450 2228 AEris
472 2174 539 2244 agot
561 2166 673 2235 Caesar,
698 2174 883 2226 numeratum
907 2167 1038 2243 possidet
1060 2185 1164 2226 aurum

457 2267 572 2336 Gallus,
597 2277 626 2328 et
648 2277 692 2328 est
714 2286 786 2328 auro
809 2268 912 2329 llorida
936 2287 984 2329 res
1008 2268 1165 2335 Verretum;

372 2369 513 2431 Hostibus
535 2369 616 2429 addit
637 2387 709 2446 opes
732 2377 813 2430 motu
835 2370 966 2430 Fortuna
989 2371 1136 2438 secundo,

346 2491 358 2531 r
460 2470 601 2533 Virtutem
624 2471 708 2531 nobis
731 2472 815 2532 candit
837 2478 866 2532 ct
888 2490 967 2532 arma
992 2471 1073 2532 ricus.

373 2575 437 2634 Stat
458 2574 613 2652 quisquam
636 2580 665 2633 et
687 2591 756 2632 casn
779 2580 908 2634 montem
931 2575 1030 2651 deligit
1052 2575 1084 2634 in
1106 2573 1170 2642 illo,

456 2674 600 2736 Frentum
623 2674 720 2735 dubiae
742 2693 828 2736 nosse
852 2678 990 2755 cupitque
1012 2677 1069 2744 rei,

372 2777 409 2836 Et
431 2776 500 2837 dum
524 2776 645 2837 Sidonio
668 2775 767 2838 Gallos
790 2779 914 2838 miratur
936 2780 966 2836 in
989 2784 1070 2837 ostro

348 2899 360 2937 s
460 2878 497 2939 Et
517 2877 614 2957 Tyria·
628 2877 754 2939 Venetos
777 2880 890 2939 murico
912 2878 995 2939 obire
1019 2879 1108 2948 ridet,

371 2981 509 3060 l'aupere
531 2982 672 3040 contimm
695 2999 777 3061 spem
800 2989 890 3040 totam
913 3000 929 3040 a
953 2981 1067 3041 Caesare
1090 2981 1215 3047 ducens,

458 3080 519 3142 Sub
543 3082 669 3144 dominis
691 3080 775 3142 Gallo
798 3083 855 3142 lert
877 3082 1054 3160 Venetisque
1076 3083 1193 3158 iugum,

374 3186 454 3254 Quos
477 3183 528 3244 ubi
550 3183 693 3244 contundi
716 3185 822 3244 nostris
838 3196 964 3244 ⁴rursum
987 3185 1090 3263 aspicit
1112 3185 1215 3253 armis,

336 3305 360 3345 rr
416 3352 419 3356 ,
459 3285 636 3347 Teutonicas
657 3288 764 3347 iterum
787 3303 899 3363 pronus
921 3285 1024 3346 adorat
1045 3304 1131 3363 opes:

374 3388 519 3449 Nimirum
542 3389 675 3466 sapiens:
699 3405 767 3448 nam
790 3387 869 3466 quod
892 3387 1022 3448 Fortuna
1045 3389 1109 3455 dat,
1133 3389 1243 3456 aul'ert;

458 3488 523 3550 Non
547 3489 660 3551 bisdem
684 3490 797 3551 vicibus
819 3490 868 3550 dat
890 3490 1048 3569 adimitque
1071 3489 1154 3550 deus.

311 3673 357 3733 tu.
649 3666 653 3675 '
715 3677 764 3727 uu
784 3677 920 3726 runnu.

374 3797 468 3867 (litem
492 3797 614 3858 dederat
635 3797 764 3857 Fortuna
788 3798 917 3876 apicem,
941 3797 1085 3875 siquaudo
1109 3795 1237 3865 revellit,

459 3899 523 3959 Non
546 3897 601 3958 sibi
623 3893 819 3976 praestandam
843 3907 1012 3959 commonet
1033 3918 1097 3960 esse
1119 3898 1217 3959 iidem.

372 4002 450 4061 Sum
472 4000 535 4060 baec
558 4018 650 4078 usquc
673 4008 771 4061 tanuen
794 4003 845 4079 qui
867 4001 1049 4062 demirentur
1071 4009 1100 4061 et
1122 4018 1239 4060 onnrem

348 4124 359 4163 r
460 4100 491 4161 ln
515 4122 590 4162 caeca
614 4110 726 4179 ponant
747 4120 831 4181 spem
853 4103 990 4181 variaque
1013 4102 1077 4163 dea.

313 4287 355 4345 74-
591 4289 639 4337 uu
660 4289 843 4339 FOR'FVNAE
862 4290 1046 4339 Lvumuru.

375 4407 476 4468 Erexit
499 4407 628 4468 Fortuna
652 4415 761 4477 rotam,
788 4407 838 4485 (sic
861 4409 976 4486 perdita
1001 4408 1109 4468 uumdn

460 4508 572 4580 illudit,
597 4512 711 4588 quotics
734 4510 810 4570 lianc
833 4513 910 4570 itcrat
932 4529 997 4571 esso
1020 4510 1122 4591 levem)

240 4731 281 4781 70.
312 4729 407 4783 ‘llari
426 4730 536 4778 suntin
550 4730 666 4779 Huttcni
685 4730 796 4796 scriptia
815 4731 911 4797 frigidi
930 4731 1064 4781 eiusmodi
1082 4745 1209 4782 sonorum
1228 4731 1312 4782 lusus.
1398 4763 1401 4769 -
