3294 5408
283 422 406 464 iivd'rliii
420 426 457 463 AD
470 422 603 463 CAESAR!
617 418 827 477 mxlii-ibldttvss
841 415 1064 458 HIGBAUA'NU
1073 414 1167 456 Lim.

284 583 345 654 Qua
369 582 451 643 rabie
472 569 588 643 Turdus
610 579 730 659 Byzanti
753 578 880 658 perdidit
902 576 1024 645 urbem.

257 706 270 744 a
369 685 433 745 Non
457 688 592 744 metuunt
613 683 728 750 Veneti,
752 681 803 759 sed
826 681 960 758 graviora
982 680 1087 741 ferent.

221 851 266 909 34.
520 853 569 903 DE
589 851 678 902 orno
698 850 931 901 t'snnronvmr

286 973 420 1034 Oderunt
442 972 543 1052 pupuli
567 971 706 1042 Venetos,
731 971 821 1031 odere
844 969 973 1049 tyranni,

368 1076 484 1154 Quique
507 1072 612 1153 procui
635 1074 744 1152 quique
766 1072 813 1132 bis
835 1071 1015 1150 proximiora
1038 1077 1156 1140 tenent,

284 1176 438 1238 Excidium
461 1178 559 1237 cuncti
581 1193 778 1254 supremaque
802 1174 859 1235 iata
882 1179 1057 1253 precantur,

260 1299 272 1338 r
370 1278 538 1356 Regnantes
562 1296 648 1338 nemo
671 1277 750 1338 ferre
772 1284 869 1354 potest
891 1276 1025 1336 Venetos.

286 1380 470 1461 bispeream,
494 1387 582 1441 tanta
604 1396 670 1458 quae
693 1378 823 1457 pondera
845 1379 971 1439 sustinet
992 1375 1076 1441 urbis

369 1483 400 1543 Si
422 1501 475 1543 sua
498 1501 566 1542 curn
590 1481 706 1543 Venetis
728 1480 814 1541 Duris
835 1481 928 1541 amica
951 1486 1059 1540 manet.

223 1648 270 1708 35·
363 1653 413 1702 DE
432 1652 553 1703 PVGNA
571 1649 847 1702 MEDIOLANENSI
865 1651 901 1700 IN
921 1648 1097 1701 VENETOS.

285 1770 428 1832 lnsubriae
450 1771 586 1833 cecidere
609 1772 716 1841 duces,
741 1773 799 1831 ruit
820 1768 938 1831 lielreta
962 1768 1070 1847 pubes,

371 1873 484 1936 Gaudet
507 1882 536 1934 et
558 1875 586 1933 in
610 1875 704 1953 patria
726 1872 807 1933 Rana
831 1870 992 1950 triumphat
1013 1888 1098 1951 aqua.

286 1974 344 2036 Fer
367 1975 497 2044 modice,
522 1995 577 2037 trec
599 1984 628 2037 te
650 1979 775 2037 nimium
797 1975 985 2036 successibus
1007 1974 1092 2034 eiier:

262 2100 274 2139 r
373 2077 552 2159 Perpetuum
578 2097 635 2139 nou
660 2086 704 2140 est
726 2079 782 2138 bne
804 2076 872 2145 tibi,
896 2076 991 2146 Rana,
1015 2074 1143 2145 bonum;

289 2179 404 2258 Optima
427 2198 550 2260 qumque
573 2200 659 2241 snum
682 2182 740 2241 rito
763 2181 878 2258 perficit
898 2180 971 2240 hora
995 2186 1144 2247 tenorem,
1195 2247 1212 2257 ..

345 2361 348 2367 .
372 2281 462 2343 Natat
484 2281 512 2342 in
536 2283 675 2361 ambigue
696 2300 763 2343 sors
784 2280 917 2343 maletida
940 2288 1026 2343 statu.

288 2383 361 2445 Cum
383 2384 482 2444 rideas
505 2384 577 2445 nihil
600 2404 663 2447 esse
688 2384 754 2452 diu.
778 2384 917 2446 mutanda
939 2391 1062 2464 repente

264 2504 277 2547 s
375 2484 496 2557 Omnia,
520 2505 574 2567 per
596 2488 690 2549 varias
712 2488 756 2548 ire
778 2487 875 2548 redire
898 2488 989 2556 vices,

291 2587 354 2648 Hoc
375 2596 460 2668 potes
482 2596 587 2650 eventu
610 2587 758 2650 celebrem
781 2589 903 2650 ductare
925 2587 1124 2669 triumphum,

377 2689 481 2753 Nescia
504 2708 569 2770 qum
591 2691 724 2771 sequitur
746 2692 815 2770 quid
838 2692 915 2752 serat
936 2692 1015 2753 bora'
1031 2690 1105 2753 ubit

291 2790 349 2854 Fer
371 2793 501 2864 modice,
524 2811 579 2854 nee
602 2801 630 2854 te
653 2794 774 2854 nimium
797 2793 982 2856 successibus
1004 2794 1091 2855 eder:

255 2914 280 2955 n
379 2894 468 2956 Multa
492 2897 550 2956 sito
572 2897 693 2956 veniunt
713 2895 778 2957 iaeta
801 2896 969 2975 abeuntque
992 2898 1058 2959 eito.
1119 2960 1139 2971 ..

181 3154 187 3167 ·
230 3076 277 3138 ³6.
352 3082 403 3132 DE
421 3062 649 3134 Pnonl'rronn
668 3083 740 3134 PER
759 3083 908 3134 ntnlrns
927 3082 1124 3135 GERMANOS
1216 3092 1219 3097 '

272 3179 275 3183 ·
662 3169 811 3220 BRIXIAE.
1167 3170 1203 3203 ''·

295 3286 358 3347 Non
382 3294 465 3367 eapta
488 3297 533 3349 est
554 3288 649 3359 terro,
673 3307 775 3353 rerum
798 3307 871 3350 auro
893 3289 990 3351 Brixia
1011 3294 1097 3367 capta
1120 3293 1179 3349 est:

379 3388 565 3452 Perdidimus
587 3391 695 3452 iamam
717 3392 960 3474 perdidimusque
982 3389 1080 3451 ssdem.

295 3490 359 3553 noe
381 3491 417 3552 de
439 3492 614 3555 Germanis?
636 3501 687 3554 aut
709 3495 756 3555 rui
779 3501 875 3555 metus
897 3500 963 3554 ante
986 3491 1113 3553 subisset

237 3608 282 3654 'r
381 3592 425 3655 Ne
447 3596 602 3675 qnisquam
624 3594 680 3656 bos
701 3595 828 3677 populos
850 3595 1016 3674 proditione
1038 3589 1161 3656 notett'
1204 3606 1207 3615 ·
1300 3637 1321 3686 ¹.

296 3695 481 3759 Perdidimus
503 3697 626 3767 samam,
650 3699 743 3768 eires,
768 3704 797 3759 et
818 3699 945 3776 turpiter
967 3698 1031 3759 ausi
1216 3772 1220 3777 ι

381 3796 526 3861 Omnibus
547 3800 677 3861 externis
699 3797 797 3862 tabula
820 3800 895 3861 ioeda
918 3817 1030 3861 sumus.
1256 3774 1343 3867 ’Ϊῖ

297 3899 342 3962 Dii
365 3900 491 3979 perdant
512 3900 625 3963 taeiuus
648 3901 755 3980 quibus
777 3902 835 3964 hoe
857 3901 1009 3965 autoribus
1030 3908 1129 3963 aetum
1152 3909 1213 3972 est,
1282 3890 1344 3989 “fig

265 4021 284 4062 s
381 4002 440 4064 Per
461 4021 536 4082 quos
556 4002 620 4066 brec
643 4004 727 4067 tame
749 4007 879 4067 nascitur
901 4004 1087 4084 improbitas!

95 4188 146 4244 sui
165 4179 439 4258 vripqrqr‘dtrprjdqc
457 4180 486 4255 ἐξ
497 4181 645 4255 Ἀρκαδίας
664 4188 706 4252 εἰς
719 4192 832 4256 Συρίαν
849 4178 924 4259 ἦλθε
942 4190 992 4244 καὶ
1009 4186 1094 4245 πόλιν
1105 4183 1256 4259 ὁμώνυμον
1268 4185 1387 4245 ἔκτισιν.

95 4277 162 4342 Hpt
176 4264 301 4343 [Miinebt
326 4276 367 4328 brt
385 4274 529 4330 primitur
546 4275 704 4331 ffiuurubittd.
718 4275 757 4343 (!t]
789 4278 859 4328 Puto
878 4282 970 4328 eutem
988 4277 1014 4327 h,
1028 4277 1046 4328 i.
1060 4293 1115 4328 non
1132 4278 1167 4328 ds
1184 4277 1317 4343 Pompeio
1332 4274 1389 4326 Da·

96 4376 218 4412 mesenen
237 4367 421 4427 expugnante,
441 4363 489 4413 sed
508 4362 542 4412 de
555 4362 720 4415 Temerleno
738 4380 764 4413 a.
779 4361 851 4412 1401.
864 4364 960 4413 urbem
978 4361 1125 4427 diripiente
1138 4362 1200 4425 diei,
1220 4367 1251 4412 ut
1262 4361 1389 4427 sequenti

97 4463 123 4498 v.
143 4446 177 4496 dn
196 4446 436 4512 Constantinopoli
456 4462 481 4496 a.
498 4446 570 4497 rma.
585 4455 677 4514 cepta.
731 4447 870 4497 'Bizanti
887 4449 947 4498 edd.

167 4529 208 4581 34.
239 4531 250 4562 ⁶
268 4546 318 4581 sue
330 4528 423 4595 Doris]
438 4548 512 4581 mare
526 4533 718 4582 Hadriaticum
733 4533 780 4594 (ef.
795 4532 900 4597 Vergil.
911 4532 962 4583 ecl.
976 4531 1054 4594 itta.)
1067 4547 1169 4597 sponsa
1182 4532 1282 4583 Veneti
1300 4533 1389 4583 ducis.

167 4614 209 4666 35.
240 4618 356 4667 Aestate
376 4616 490 4666 elma,
544 4615 640 4682 ¹Ins.]
661 4617 821 4668 Mediolani.
876 4615 982 4666 ¹²1oeta
1001 4620 1024 4667 1.

169 4699 210 4752 36.
241 4703 334 4752 Etiam
354 4701 507 4752 Cerdonem
528 4702 614 4751 (histo
633 4701 666 4751 de
685 4702 799 4753 Fuisseo
820 4718 885 4752 nuru
904 4704 1039 4768 eorrupit,
1060 4719 1093 4751 ru.
1107 4702 1188 4752 Mart.
1203 4718 1229 4752 a.
1244 4701 1318 4753 15Ιῖο
1345 4702 1390 4754 Gi.

99 4782 129 4841 te
147 4784 208 4841 tint
226 4787 261 4838 ll.
275 4791 300 4837 α.
314 4804 340 4853 p.
353 4787 411 4837 988.
