3294 5408
276 401 349 471 462
365 430 454 465 rrrsr.
465 429 605 466 vonnonro
615 430 720 465 crusna
730 429 831 466 cusam
841 430 877 464 nrv
888 429 1238 466 sxvsr.n1nnon.nvrun1
1249 432 1285 467 nr
1295 431 1412 468 onvnn.
1421 430 1568 467 moron.

274 592 360 665 ipsam
383 606 455 646 nunc
477 587 673 662 spectabimus:
696 588 827 644 Martinus
844 588 994 650 Lullierns,
1019 588 1100 644 horno
1123 589 1185 644 vitae
1208 588 1358 662 probitate
1379 591 1490 646 eximie
1505 589 1600 648 clanis

274 685 303 731 et
325 675 455 731 solidiore
478 673 616 747 theologia
639 674 739 729 nemini
762 673 909 734 secundus,
934 674 1148 747 quinquennium
1170 674 1271 730 abhinc
1292 676 1402 749 spiritu
1429 676 1541 733 domini
1565 688 1615 732 eo·

275 768 384 816 evectus
407 768 463 821 est,
486 767 518 814 ut
539 759 692 815 Christiano
716 760 812 815 allectu
835 758 964 814 mortales
988 759 1078 814 iuvare
1102 759 1129 813 in
1152 776 1216 815 vero
1239 759 1285 815 dci
1302 759 1386 817 cultu
1412 761 1546 818 animose
1568 769 1598 816 et

274 853 434 905 constanter
455 843 586 917 prodiret.
615 843 708 900 nullus
736 845 809 899 enirn
838 843 864 899 in
886 843 1093 899 christianismo
1124 845 1175 900 iam
1198 844 1318 918 angulus
1341 863 1421 919 peno
1445 847 1595 909 extiterat,

274 929 322 986 ubi
350 946 405 985 non
434 929 588 985 Christiano
618 930 734 985 candore
764 929 883 985 extincto
912 927 979 984 nihil
1008 946 1062 984 uon
1091 930 1237 985 commenti
1262 930 1410 987 inductum
1435 940 1533 988 esset:
1557 932 1615 987 des

274 1014 388 1074 Christi,
423 1031 465 1070 me
493 1013 615 1075 hercles,
652 1014 824 1069 institutione
854 1021 956 1088 praeter
983 1013 1122 1069 bracteata
1151 1015 1214 1070 nudi
1246 1014 1321 1070 tituli
1352 1016 1481 1073 tectoria
1513 1015 1592 1073 aliud

273 1099 331 1155 lere
353 1097 520 1155 habebamus
543 1099 625 1160 nihil:
649 1116 703 1171 quo
726 1099 813 1154 eiecto
836 1116 909 1154 incra
927 1100 1049 1154 hnmanae
1066 1098 1184 1154 lihidinis
1208 1100 1333 1172 tyrannis
1350 1100 1379 1155 in
1404 1100 1507 1158 locum
1533 1109 1592 1157 um

274 1185 384 1257 augusti
406 1184 483 1257 regni
498 1183 646 1240 substituta
662 1184 763 1257 passim
780 1193 935 1257 grassatur,
958 1184 1075 1244 Christo.
1092 1186 1274 1257 paupertatis,
1297 1186 1483 1249 concordias,
1507 1186 1591 1260 pacis

274 1278 301 1326 et
323 1268 506 1343 spiritualium
529 1270 661 1341 magistro
701 1267 825 1343 relegato
865 1270 1002 1330 avariciae.
1032 1269 1211 1331 seditionum,
1240 1273 1341 1343 pugnas
1368 1279 1401 1326 et
1424 1271 1588 1328 carnalium

273 1355 371 1411 doctor
391 1354 535 1410 Leviathan
565 1355 591 1408 in
619 1353 760 1413 ecclesiam
789 1355 934 1410 advocatus
957 1362 1013 1409 est:
1047 1356 1085 1410 sic
1106 1355 1224 1428 peccatis
1252 1354 1370 1415 nostris,
1406 1356 1516 1430 quibus
1541 1368 1620 1414 ac·ro

272 1448 381 1514 coptum
412 1447 455 1495 tot
483 1437 638 1495 seculorum
668 1438 767 1495 rnalum
791 1440 949 1500 referimus,
979 1440 1065 1495 iratus
1093 1457 1143 1512 per
1171 1457 1256 1495 annos
1284 1440 1427 1512 plurimos
1450 1441 1586 1498 Christus

272 1534 326 1581 tam
356 1524 511 1597 benigniter
544 1522 577 1580 ab
607 1524 713 1598 integro
746 1525 873 1580 misertus
896 1525 1018 1580 discussa
1041 1541 1166 1580 errorum
1188 1523 1304 1597 caligine
1328 1524 1459 1582 veritatis
1490 1526 1584 1583 solem

273 1611 373 1666 inundo
397 1609 528 1670 reddidit,
551 1618 580 1665 et
611 1609 730 1665 divinum
758 1611 940 1683 evangelium,
969 1609 1132 1682 aliquamdiu
1154 1617 1184 1664 ut
1206 1610 1363 1682 protritum,
1387 1627 1445 1667 nec
1468 1613 1584 1686 sapien·

215 1697 330 1751 §.ttoni
358 1695 476 1767 ingeniis
502 1694 628 1767 dignum,
663 1696 689 1750 in
717 1695 831 1752 ecclesia
853 1696 1040 1769 antiquatum,
1075 1694 1215 1767 predicari
1242 1695 1344 1767 passim
1366 1695 1470 1753 voluit.
1512 1696 1583 1764 Quae

273 1797 336 1842 res,
359 1797 421 1835 curn
436 1796 581 1854 procerum
597 1778 753 1841 ambitioni,
774 1772 780 1858 i
798 1781 893 1854 quide
916 1779 1037 1836 ccclesias
1060 1778 1172 1835 habenis
1195 1779 1336 1836 immodice
1358 1780 1531 1854 gloriantur
1552 1790 1615 1837 etta

272 1864 379 1921 hrlnrini
402 1880 483 1938 posse
507 1865 640 1939 imperare
664 1881 725 1920 sese
748 1864 851 1939 populo
875 1866 989 1927 iactant,
1024 1865 1156 1920 amaroris
1185 1881 1239 1921 non
1261 1881 1357 1938 parum
1389 1864 1517 1922 allatura
1542 1867 1583 1921 vi·

271 1951 396 2012 deretur,
420 1949 590 2006 sacerdotum
613 1958 640 2005 ct
664 1950 822 2023 pontificum
838 1951 979 2006 avariciam
1003 1952 1030 2005 in
1046 1958 1123 2023 parto
1139 1949 1284 2012 derasura,
1302 1952 1423 2023 quaestui
1439 1951 1581 2013 llomano,

272 2052 328 2109 quo
351 2034 516 2091 nundinatus
537 2034 697 2090 Christiana
719 2037 829 2109 pietatis
852 2036 940 2109 pudor
967 2033 1104 2090 vilissimis
1127 2034 1267 2108 quibusvis
1288 2035 1485 2108 prostituitur,
1519 2054 1582 2093 mo·

272 2119 335 2176 dum
358 2120 475 2193 aliquem
498 2120 707 2194 proscriptum,
732 2139 785 2177 non
808 2120 899 2195 potuit
921 2122 973 2176 hoc
995 2119 1146 2176 carcinoma
1168 2119 1332 2181 cauterium,
1356 2119 1406 2176 ubi
1429 2120 1458 2176 iu
1483 2121 1578 2178 vivum

271 2204 396 2278 pertrudi
422 2213 541 2279 creptum
564 2213 618 2267 est,
648 2206 785 2278 perferre:
820 2223 964 2262 occurrere
987 2203 1133 2261 molientes
1154 2205 1266 2261 Lutheri
1289 2204 1391 2279 scripta
1415 2213 1446 2261 et
1466 2205 1612 2264 doctri-so

271 2306 347 2352 nain,
371 2298 446 2346 extra
468 2290 639 2363 evangelium
654 2291 755 2347 Christi
770 2291 837 2346 nihil
854 2290 969 2352 olentia,
992 2291 1106 2364 penlere
1122 2289 1304 2363 ignominiose
1318 2297 1395 2346 recta
1412 2291 1579 2354 tenderunt,

272 2377 324 2432 hoc
344 2376 425 2431 niodo
448 2377 505 2431 suis
527 2374 667 2431 fraudibus
688 2375 844 2432 consultum
872 2377 906 2432 iri
929 2375 1102 2432 arbitrantes.
1119 2383 1249 2453 *creptum
1279 2382 1322 2430 est
1348 2384 1434 2450 caput
1456 2375 1579 2433 butberi

271 2461 338 2516 diris
353 2461 474 2516 Romano
490 2460 620 2534 episcopo
636 2461 768 2523 devoveri,
793 2463 878 2517 virum
903 2469 1025 2517 sanctum
1042 2458 1188 2535 impietatis
1211 2459 1270 2516 labe
1286 2459 1447 2516 insimulare
1461 2463 1578 2525 conati;

272 2562 332 2618 que
355 2545 506 2602 Christiana
528 2544 570 2601 vel
593 2546 653 2620 ipso
675 2546 784 2602 Christo
807 2547 921 2603 docente
944 2545 1069 2602 omnihus
1091 2553 1229 2620 comperta
1252 2552 1316 2601 suut
1338 2545 1460 2620 scripta,
1486 2547 1578 2604 olleo·

270 2631 357 2686 sionis
380 2647 438 2692 rea,
468 2631 611 2687 erroribus
634 2633 767 2688 scatentia
793 2640 821 2687 ot
843 2631 967 2689 haeretica
991 2631 1167 2687 condemnata
1190 2639 1267 2686 sum:
1298 2646 1352 2685 non
1374 2639 1472 2703 potest
1497 2632 1609 2688 enimn

271 2733 332 2789 quae
355 2717 454 2772 Christi
476 2725 555 2778 sunt,
588 2718 659 2772 serre
681 2715 773 2774 Belial.
808 2716 881 2773 lianc
903 2735 994 2773 curam
1017 2718 1142 2789 pessimis
1170 2715 1275 2772 artibus
1297 2715 1396 2788 exequi
1421 2714 1579 2773 subierunt

238 2875 240 2878 y
269 2800 433 2857 llominicani
450 2803 587 2863 monachi,
609 2803 731 2875 Aphrurn
747 2801 861 2864 malum,
885 2803 996 2876 antiqua
1011 2802 1159 2874 pernicies,
1174 2802 1268 2857 ducem
1290 2799 1376 2857 secuti
1390 2801 1579 2864 Alcandrum,

271 2885 336 2942 anili
358 2887 499 2943 dicacitate
522 2886 654 2949 nobilem,
679 2905 759 2965 quern
782 2887 918 2943 llomanus
940 2886 1067 2943 sacerdos
1088 2887 1121 2942 ad
1144 2887 1202 2943 haec
1223 2885 1293 2942 mala
1314 2885 1469 2942 enutritum
1492 2886 1579 2945 nobis

216 2970 340 3032 §.turbe
363 2973 518 3028 saevientem
541 2972 702 3029 hisdiebus
726 2973 807 3028 rnisit.
843 2972 940 3028 horum
965 2989 1047 3046 opera
1069 2971 1250 3028 Lovanienses
1278 2969 1465 3044 theologastri
1490 2982 1579 3029 aeter·

273 3074 338 3113 naim
354 3075 453 3115 nomen
470 3057 521 3113 sihi
538 3066 714 3131 pepererunt,
732 3066 759 3113 et
774 3057 945 3114 Coloniensis
962 3075 1109 3131 synagoga,
1134 3056 1185 3113 iam
1200 3054 1350 3113 Reuchlino
1366 3063 1394 3111 et
1411 3057 1533 3130 ingenio
1549 3067 1610 3114 ervo

271 3142 376 3200 honore
398 3143 490 3216 dignis
511 3140 652 3200 coloribus
675 3143 761 3216 picta,
785 3143 915 3199 maiorem
939 3143 1034 3198 lamam
1057 3152 1136 3198 nacta
1158 3149 1207 3198 est.
1237 3140 1335 3198 biensis
1357 3148 1402 3196 est
1426 3158 1493 3198 cum
1511 3142 1577 3200 bac·

268 3229 395 3284 chantum
423 3237 451 3284 et
478 3226 688 3285 temulentorum
716 3245 793 3284 more
826 3229 933 3284 vicatim
964 3228 1158 3300 hostiatimqne
1189 3244 1239 3301 per
1266 3242 1360 3283 omnes
1388 3226 1575 3301 angiportus,

269 3313 341 3368 ades
356 3322 385 3369 et
405 3313 492 3369 dietas
515 3330 608 3370 omnes
630 3313 731 3387 passim
754 3314 939 3369 discurrerent
961 3313 987 3368 id
1009 3330 1095 3386 genus
1119 3311 1284 3374 nebulones,
1307 3319 1390 3384 atque
1405 3328 1480 3369 nunc
1499 3313 1576 3370 huuc

269 3414 341 3453 nurrc
355 3397 431 3454 illurn
446 3398 588 3454 ambiendo
605 3399 823 3473 pvaehcusarent,
840 3406 871 3455 ut
887 3399 993 3454 inventa
1008 3398 1099 3472 aliqua
1115 3399 1172 3453 suis
1183 3396 1254 3452 dolis
1267 3395 1424 3457 autoritate,
1436 3399 1575 3455 innocen·

269 3482 403 3555 tissimum
432 3492 458 3539 et
481 3483 673 3557 theologorum
697 3484 817 3540 onmium
840 3483 1097 3540 christianissimum
1120 3482 1268 3539 Lutherum
1296 3481 1355 3537 labe
1377 3480 1472 3555 aliqua
1497 3483 1606 3539 inin-³⁵

207 3564 329 3624 §.smiae
351 3569 537 3641 denigrarent.
574 3569 646 3625 Bone
669 3569 788 3631 Christe,
820 3587 879 3643 quae
909 3568 1126 3626 Rornanistarum
1155 3567 1321 3642 impudentia
1351 3565 1413 3621 orbi
1438 3575 1500 3624 tum
1533 3568 1573 3625 ibi

268 3652 401 3716 innotuit,
426 3672 486 3727 qum
502 3655 641 3711 temeritas
663 3662 691 3709 ct
713 3655 847 3710 dementia
871 3656 1064 3711 monachorum
1087 3654 1239 3727 comperta!
1263 3652 1377 3708 veritate
1399 3651 1470 3708 uilril
1489 3661 1573 3727 pote*

268 3857 297 3903 et
314 3867 447 3919 nuperum
466 3860 509 3904 est
527 3854 649 3915 facinus,
676 3854 797 3905 Coloniae
818 3869 939 3904 mensem
959 3852 1060 3904 abhinc
1080 3852 1267 3903 commissum:
1290 3850 1337 3900 ubi
1356 3865 1441 3915 quum
1459 3852 1510 3903 diu
1529 3859 1573 3904 te·

268 3937 449 3989 mulentorum
469 3944 497 3989 et
514 3938 716 3989 Bacchantium
736 3955 808 3989 more
827 3940 942 3989 vicatim
956 3940 1152 4004 hostialimque
1172 3935 1189 3999 (‚
1205 3935 1282 3991 addc,
1303 3936 1437 4002 rotatim)
1457 3939 1485 3986 in
1500 3939 1573 3988 urbo

266 4025 371 4088 possim
394 4024 591 4085 discurrerent,
617 4038 741 4073 nunc-
759 4052 792 4060 -—
809 4024 1017 4089 prehensabnnt
1040 4052 1071 4061 -
1091 4051 1123 4059 -
1146 4023 1295 4072 Martinam
1319 4020 1475 4072 Luthernm
1499 4023 1570 4076 labe
1579 4031 1605 4070 lt

266 4136 299 4147 -‹
317 4136 350 4144 -
368 4109 561 4175 denigrantem,
582 4110 688 4159 eteius
707 4110 825 4175 scripta,
847 4113 925 4159 extro
944 4108 1118 4176 evangelium
1137 4107 1239 4158 Christi
1257 4105 1326 4155 nihil
1345 4105 1467 4169 olentis,
1488 4109 1573 4174 igno·

267 4195 382 4244 minione
401 4195 557 4260 perderent.
588 4195 648 4244 Non
667 4198 760 4260 potest
772 4196 845 4244 cuim
859 4210 918 4259 quae
933 4193 1036 4245 Christi
1049 4199 1122 4257 sunt,
1142 4193 1214 4244 ferre
1227 4191 1326 4242 Belial.
1350 4190 1429 4241 Bone
1444 4191 1572 4258 Christe,

265 4295 326 4344 quae
346 4279 518 4346 impudentis
536 4284 593 4329 tum
612 4279 651 4329 ibi
670 4280 730 4329 orbi
749 4281 884 4342 innotuit,
909 4285 1012 4345 quanta
1035 4279 1180 4329 temeritas
1197 4275 1396 4329 hlonncborum
1422 4284 1574 4343 comperta

332 4448 465 4516 ²quinq]
490 4455 608 4500 exeunte
629 4467 652 4501 a.
668 4450 742 4501 1520.
762 4449 808 4500 bic
831 4448 943 4499 libellus
966 4449 1076 4514 prodiit.
1096 4447 1139 4498 cf.
1153 4448 1231 4513 praet‘.
1302 4444 1323 4476 ¹⁹
1346 4448 1527 4498 carcinomio
1549 4453 1571 4499 i.

264 4533 287 4567 ²¹
304 4533 433 4602 Aphrum]
454 4536 548 4587 afrum
567 4535 623 4585 dici
645 4542 725 4601 puto,
758 4536 851 4598 „sicut
874 4535 997 4584 turbines
1021 4550 1053 4584 ex
1071 4533 1165 4583 Africo
1188 4533 1319 4582 veniunt”
1344 4526 1573 4593 (lsai'.xxl.1.)

266 4619 393 4671 Ceterum
411 4621 494 4671 Afros
516 4620 680 4686 versipelles
704 4635 765 4670 esse
789 4621 875 4670 refert
893 4618 969 4669 Serv.
990 4619 1025 4669 nd
1037 4619 1104 4680 Aen.
1119 4618 1180 4667 Vll.
1194 4617 1252 4666 724.
1321 4613 1343 4647 ²⁹
1363 4618 1528 4669 seuientem
1549 4623 1573 4669 1.

265 4702 287 4734 ⁸⁰
304 4721 448 4771 synagoge
470 4706 573 4756 dicitnr
596 4705 769 4756 Coloniensis
792 4704 983 4769 theologorum
1006 4701 1103 4753 schola
1125 4719 1180 4754 non
1203 4706 1314 4768 propter
1336 4699 1574 4768 Pepericornurn‚

266 4787 314 4837 sed
332 4805 365 4839 ex
383 4789 483 4840 Msttb.
497 4791 543 4841 VI.
557 4793 581 4839 2.
595 4791 654 4841 sive
673 4789 787 4855 Apocol.
800 4790 838 4840 11.
851 4788 875 4840 9.
928 4787 951 4821 ³⁴
970 4789 1122 4839 auctoritare
1143 4792 1166 4838 1.
