3294 5408
163 355 235 429 104
498 381 622 417 ararum
635 381 671 416 nir
684 380 756 417 anun
769 379 1008 418 vnnsirroaroma
1020 381 1114 417 ernau.

334 541 359 600 ti
382 537 544 600 Dicendum
568 543 597 598 et
619 538 669 616 qni
690 536 749 597 sint
771 535 904 597 ornando
926 537 957 597 in
979 538 1110 598 carmine
1131 537 1239 608 bores.
1348 535 1443 615 ἓξὲξ

281 662 319 704 aas
335 641 391 703 llic
413 657 511 718 operae
534 647 578 700 est
599 640 749 719 precium,
772 638 874 717 vigiles
896 638 954 700 huc
977 639 1080 700 vertite
1101 646 1231 711 mentes,
1269 676 1271 680 >

335 741 468 804 Ostbenii
490 742 625 810 iuvenes,
648 759 706 802 nec
728 758 780 801 vos
801 739 887 802 labor
908 740 1060 803 abstrahat
1080 739 1174 803 nllus:

335 846 362 904 n
384 843 528 905 mnunuo
551 841 648 903 studio
670 843 809 921 curisque
832 841 1011 913 calentibus,
1034 845 1097 904 aori
1289 841 1447 927 dmi*

334 925 450 1024 Optima
473 962 596 1024 quaeque
618 946 716 1005 animo
739 942 839 1021 legere
860 952 912 1005 ant
932 945 1034 1007 andire
1056 962 1220 1026 graveque

335 1047 496 1108 Edidicisse
518 1045 610 1107 libros
632 1045 797 1124 crebraque
819 1045 957 1124 indagine
979 1046 1082 1107 doctos

282 1169 320 1211 aso
334 1147 452 1228 Eligere
473 1156 592 1209 autores
614 1147 793 1208 scribentem
815 1165 935 1208 carmen
959 1153 1084 1227 oportet.

336 1249 480 1329 Quicquid
503 1247 614 1309 babent
636 1247 683 1309 alii
705 1250 829 1329 passim,
852 1248 933 1310 Maro
956 1250 1050 1320 novit,
1073 1255 1103 1311 ct
1124 1250 1214 1311 artois
1319 1246 1405 1332 {3¹2⁸
1419 1255 1450 1293 ’θ’

338 1351 444 1415 Calluit
465 1352 636 1428 omnigenas
658 1350 851 1431 doctrinaque
873 1368 943 1412 acre
964 1351 1082 1411 iuvabat

337 1453 505 1533 Ingenium:
528 1453 598 1514 binc
620 1450 662 1533 illi
683 1458 762 1513 tanta
785 1461 830 1515 est
850 1454 880 1515 in
904 1454 1035 1513 carmine
1056 1453 1164 1523 nutris,

336 1556 449 1617 Tantus
471 1555 582 1624 bonor,
606 1554 675 1615 hinc
697 1555 842 1634 estquod
865 1563 945 1616 rates
966 1552 1052 1616 altior
1074 1571 1178 1616 omnes

284 1659 392 1722 sanllic
413 1662 535 1736 superat
556 1654 654 1717 Latios
676 1672 843 1735 nomenque
865 1656 902 1718 ad
925 1656 1022 1718 sidera
1044 1655 1129 1718 tollit.

339 1760 364 1819 tt
386 1758 461 1830 Nec,
485 1757 624 1837 qnoniam
646 1774 753 1818 munus
777 1756 858 1820 vobis
880 1766 984 1820 natura
1005 1758 1168 1837 benignum
1303 1755 1455 1842 lm

339 1858 469 1923 Contulit
490 1860 614 1938 ingenii,
637 1859 759 1922 nimium
780 1860 918 1922 confidite
939 1860 1039 1923 vobis:

338 1960 471 2024 Excolite
492 1961 546 2022 has
568 1962 644 2022 vires
667 1963 856 2043 animumque
878 1963 1018 2024 intendite
1040 1962 1145 2030 rebus,
1313 1959 1455 2044 lm

339 2065 412 2136 Quis
433 2062 543 2125 molem
564 2061 641 2124 banc
663 2070 795 2134 moveat,
818 2065 885 2143 quis
907 2063 1047 2126 euntibus
1069 2062 1318 2143 imperciamus,

285 2185 324 2228 reo
338 2165 414 2239 Quid
437 2166 545 2241 latum,
568 2165 639 2245 quid
661 2167 699 2226 sit
721 2183 821 2237 casus,
845 2184 904 2245 quo
928 2165 1045 2227 turbine
1067 2182 1201 2247 praeoeps

339 2267 466 2330 blundus
488 2273 550 2339 eat,
574 2285 641 2346 qnae
661 2268 700 2328 sit
720 2268 812 2329 rebus
834 2274 939 2328 natura
962 2268 1083 2339 creatis,

340 2370 448 2431 Discite
470 2386 524 2448 per
547 2386 664 2439 carues,
688 2369 900 2449 bominumque
922 2370 1063 2448 inquirite
1084 2387 1193 2430 mores.
1255 2408 1267 2420 ι

230 2496 234 2505 ·
303 2483 312 2510 ·
340 2469 461 2531 llNam
485 2470 638 2552 conforme
659 2472 721 2533 suis
743 2469 869 2532 multum
890 2472 1045 2550 scripsisse
1066 2470 1210 2551 probatur
1270 2466 1458 2514 'mm

1269 2487 1394 2549 boum

340 2571 539 2650 Temporibus
561 2589 680 2633 carmen
703 2574 843 2652 vivosque
864 2572 1006 2652 ellingere
1028 2579 1137 2652 gestus.

287 2676 366 2738 oca(
388 2674 464 2736 num
486 2671 597 2752 legitis,
621 2671 745 2735 multum
768 2676 865 2753 potins
888 2693 975 2754 qnam
998 2673 1091 2737 multa
1112 2674 1225 2753 legetis.
1300 2672 1458 2760 lim*

342 2777 368 2835 u
390 2775 452 2837 Neo
473 2793 525 2837 vos
547 2775 664 2836 dicendi
686 2774 796 2837 lateant
817 2794 942 2855 genera,
965 2783 1056 2856 utque
1078 2778 1190 2856 peritus
1353 2773 1456 2854 Ψ

343 2875 451 2938 Orator
473 2895 576 2940 causas
598 2883 718 2948 tractat,
742 2880 786 2939 sie
807 2876 940 2939 scribere
962 2885 1055 2948 vates,
1363 2875 1460 2964 (κζ’

343 2979 391 3039 Sic
413 2978 489 3040 solet
510 2977 627 3058 eloquio
649 2985 767 3041 montes
787 2978 933 3048 mulcere,
957 2979 1010 3042 sed
1031 2978 1072 3040 ilb

342 3080 478 3142 liberior
499 3099 605 3161 vocum
628 3087 672 3142 est
692 3098 779 3151 usus,
801 3098 853 3142 vos
875 3082 970 3158 cogite
993 3099 1080 3142 voces
1358 3077 1459 3158 ἓξὲξ

289 3183 477 3245 arelatense
499 3181 625 3244 similes:
649 3185 717 3243 nam
740 3199 790 3244 res
812 3185 898 3246 etiam
921 3185 976 3244 ista
998 3183 1123 3253 iuvabit3

343 3284 458 3346 Proluit
480 3289 509 3344 ei
530 3301 624 3363 genus
646 3284 676 3345 in
699 3285 828 3362 speeiem
851 3293 901 3345 aut
923 3291 1025 3346 contra
1048 3286 1154 3346 variari

342 3385 379 3447 Et
400 3384 503 3447 saltem
526 3384 605 3445 affini
628 3384 809 3446 confundere
832 3388 948 3448 nomina
972 3405 1069 3448 sensu.

343 3487 422 3549 Raro
445 3486 563 3567 aliquod
585 3505 679 3566 ponas
700 3506 824 3558 nomen,
847 3488 903 3549 nisi
926 3487 1047 3548 forsitan
1070 3487 1112 3548 illi
1359 3484 1460 3572 lm*

343 3589 496 3652 Adiectum
519 3588 631 3649 tribuas
653 3591 823 3669 proprium;
846 3589 884 3663 sit
905 3588 1020 3651 lucidus
1043 3590 1122 3649 omni

291 3710 329 3753 nu
343 3690 461 3752 buricie
482 3690 587 3770 procul
610 3691 679 3753 hinc
700 3709 814 3760 sermo,
838 3692 896 3771 sint
918 3693 1016 3752 omnin
1038 3689 1140 3772 plana,
1328 3688 1463 3776 m*

345 3790 410 3853 Sint
431 3790 509 3854 incili
530 3792 674 3872 producta
695 3791 762 3855 stilo
784 3810 917 3872 veraque
939 3791 1058 3863 fluenti3

237 4044 271 4080 ⁸¹⁵
289 4051 334 4097 nst
352 4049 393 4096 17.
458 4047 579 4112 precium
599 4050 649 4110 est,
668 4045 770 4114 vigiles
788 4046 842 4098 hnc
860 4050 885 4098 2.
943 4044 978 4079 ⁸⁴⁸
995 4061 1031 4098 ue
1049 4049 1075 4097 2.
1131 4044 1166 4079 “l
1184 4045 1330 4109 Qadnidam
1344 4047 1463 4099 laetor.

169 4148 282 4199 prooem.
295 4132 317 4182 Ι.
330 4131 348 4181 1.
362 4129 382 4180 1.
401 4129 494 4193 „bone
513 4133 596 4183 etiam
614 4132 729 4197 ingenie
792 4132 852 4182 eine
871 4133 982 4183 doctore
1001 4133 1105 4198 perito,
1124 4130 1216 4187 studio
1234 4131 1380 4198 pertinaci,
1399 4131 1464 4184 sori·

171 4217 269 4280 benni,
292 4214 417 4282 legendi,
443 4215 574 4279 docendi,
594 4215 681 4267 multe
700 4221 728 4267 et
746 4217 878 4268 continue
897 4216 1098 4267 exercitatione
1115 4231 1166 4283 per
1183 4231 1213 4267 ee
1236 4215 1308 4267 nibil
1325 4218 1464 4284 prosum

170 4298 205 4335 ⁸⁴⁸
227 4301 366 4368 legerent,
399 4300 538 4354 audiret.
607 4297 642 4333 ⁸⁵⁰
665 4301 794 4352 authores
812 4305 838 4351 2.
847 4305 871 4352 1.
902 4306 1030 4352 auctores
1050 4303 1090 4350 19.
1159 4299 1191 4332 ³⁵¹
1216 4305 1292 4352 artes
1310 4303 1465 4353 2.1.11.17.

170 4382 205 4418 ⁸⁸⁴
222 4385 364 4436 Tentoe‘l.
410 4381 444 4416 ⁸⁵³
462 4379 497 4433 ad
516 4384 566 4434 sid.
581 4383 649 4452 toll]
667 4389 745 4453 Verp.
758 4387 825 4437 Aen.
839 4386 939 4436 11.22·2.
987 4384 1086 4449 sydera
1098 4387 1124 4435 2.
1133 4387 1206 4435 111.
1253 4383 1429 4437 ⁸⁸⁸Bucolite
1441 4388 1466 4437 1.

170 4467 205 4503 ⁸⁸⁸
223 4470 311 4521 estrix
329 4472 354 4518 1.
423 4467 458 4501 ³⁶⁰
474 4472 601 4533 pratensi.
670 4469 702 4503 ⁸⁶¹
722 4484 768 4535 qut
787 4473 810 4520 1.
879 4469 913 4502 ³⁶¹
931 4485 1045 4520 caussae
1065 4473 1105 4520 1⁹.
1175 4467 1210 4501 ⁸⁸⁸
1228 4469 1360 4535 probatus
1378 4472 1468 4526 imi.

171 4552 205 4588 Μ
221 4557 324 4620 gestes.
338 4556 377 4604 11.
448 4552 482 4584 ¹⁶⁵
498 4554 595 4619 pocius
614 4558 639 4604 2.
710 4553 743 4586 ⁸⁸²
761 4554 858 4607 dictor
876 4567 885 4605 2
903 4564 972 4618 poeto
995 4554 1033 4603 bie
1051 4557 1086 4605 ad
1102 4570 1182 4619 marp.
1195 4557 1220 4605 1.
1291 4557 1469 4607 ermenero.

171 4634 264 4704 vates]
284 4653 366 4689 voces
379 4643 406 4689 2.
452 4635 484 4669 ⁸¹¹
505 4635 542 4703 et]
557 4647 604 4688 eut
616 4643 641 4689 2.
694 4639 792 4704 [petioni
806 4642 828 4689 1.
882 4640 1026 4690 Proestmet
1045 4640 1163 4691 vnriere.
1183 4639 1282 4705 Haupt.
1335 4637 1371 4673 Μ
1390 4638 1469 4692 attri-

172 4719 243 4771 bueo
260 4722 286 4771 2.
339 4720 373 4753 ’ἢ
390 4722 508 4772 Duritiae
525 4724 584 4773 2.1.
637 4722 671 4755 ³²⁶
690 4723 761 4788 stylo
780 4726 949 4773 1.11.17.19.
