3294 5408
168 386 215 458 86
413 416 497 452 Bul.
511 416 625 452 nuscum
639 417 667 451 lli
681 416 737 451 101.
753 416 909 451 uvsussttlt
923 416 1029 451 culm
1042 414 1206 450 ssrlcsnlou.

167 574 231 640 pido
253 573 350 623 literas
373 569 523 637 profitens,
547 570 692 621 omneis&
710 575 833 635 tempore
856 571 1023 622 valetudinis
1047 571 1122 622 illum
1146 570 1233 637 osiicij
1258 577 1343 625 cansa
1365 579 1448 627 seces·

167 660 238 719 sisso,
258 657 281 708 dr
298 658 457 708 defunctum
475 659 569 721 postea
587 655 708 706 humeris
727 656 778 706 suis
797 655 921 707 extulisse
941 660 1059 720 constat,
1083 656 1154 723 quod
1171 658 1284 710 sonasse
1301 675 1358 711 non
1376 661 1450 713 secis-

167 748 237 807 seut,
263 742 283 794 si
305 742 390 793 vllam
408 741 442 791 de
460 757 493 792 eo
511 740 677 807 pestilentie
697 741 867 807 suspitionem
887 743 1081 807 concepissent.
1116 743 1217 793 Rumor
1234 747 1343 796 constit
1361 761 1450 798 mana·

166 831 222 891 uit,
243 828 389 878 infinussse
407 826 450 876 illi
470 829 495 877 se
514 826 604 891 specie
623 825 817 884 humanitatis.
841 826 908 877 duos
928 826 1053 892 quosdam
1072 827 1238 890 nebulones,
1262 830 1451 897 potiusquam

83 904 87 914 '
168 911 353 970 scholasticos,
373 912 483 978 ignotos
501 911 606 977 (sponte
626 926 661 961 an
680 910 795 962 ulterius
813 910 875 961 dolo
893 909 1042 977 incertum)
1065 912 1122 978 0qu
1139 913 1233 963 vinum
1250 912 1379 978 decesso,
1402 932 1451 983 qno

167 1014 229 1050 cum
247 995 305 1048 illis
324 1001 415 1063 epoto,
433 999 529 1062 postes
540 996 724 1047 Murmellium
742 997 872 1047 continno
889 998 918 1046 in
937 1012 999 1046 earn
1017 997 1141 1049 incidisse
1158 984 1364 1062 valetudinem*
1377 1000 1452 1052 Vnde

166 1082 305 1149 &paneis
327 1083 386 1148 post
409 1081 507 1132 diebus
531 1080 687 1138 decesserit,
712 1081 823 1133 misellae
846 1081 999 1145 marculae,
1022 1080 1167 1149 &pupillo
1189 1082 1346 1148 insontum,
1370 1087 1452 1137 maxi·

168 1183 240 1220 mum
258 1166 297 1220 sui
316 1166 495 1232 desyderiuns
503 1166 673 1232 relinquens,
696 1170 791 1232 vtpote
810 1166 956 1217 Alcmcriae
975 1165 1134 1233 despoliatis
1151 1167 1235 1234 poulo
1253 1172 1335 1230 ante,
1357 1168 1383 1220 ἃ
1399 1171 1452 1220 exi·

166 1268 263 1319 guum,
288 1257 336 1303 aut
358 1250 462 1301 nullum
487 1250 530 1314 (eo
548 1268 602 1303 vno
620 1251 725 1323 amisso)
748 1238 966 1315 tdti'moeroris‚
988 1253 1093 1318 tantiqj
1114 1253 1238 1305 vulneris
1258 1252 1384 1306 solatium
1401 1256 1454 1307 iam

354 1447 380 1506 ἶ
398 1456 431 1507 In
449 1456 578 1507 acerbum
597 1456 709 1507 Ioannis
727 1455 875 1521 Murmellij
895 1456 1123 1540 Rurcmundensis
1139 1456 1144 1524 Ι
1159 1457 1264 1510 obitum

333 1542 486 1594 Hermanni
503 1540 612 1606 Buscbij
631 1541 765 1608 panphili
784 1541 900 1591 funebre
917 1541 1024 1605 lessum,
1050 1541 1105 1593 siue
1123 1542 1285 1608 Epicedion.

367 1645 459 1707 Musa,
478 1643 557 1706 veni,
577 1645 674 1710 sparsis
692 1643 835 1710 lugentum
854 1659 942 1706 moro,
962 1644 1089 1710 capillis,

426 1731 577 1795 Moestaque
595 1728 735 1780 flebilibus
753 1730 891 1794 questibus
908 1745 957 1781 ora
976 1733 1084 1793 soneut;

370 1815 462 1882 Rupta
480 1815 514 1867 srt
531 1829 621 1880 vngue
641 1804 724 1874 cutis,
744 1817 796 1866 sint
813 1814 900 1866 liuida
918 1814 1033 1866 brachia
1050 1815 1177 1882 planctu,

330 1909 343 1951 t
427 1901 483 1952 Per
500 1905 612 1951 teneras
629 1904 724 1951 manet
742 1900 835 1951 lucida
854 1904 933 1967 gutta
952 1915 1048 1967 genas.

258 2052 271 2081 ⁰
366 2053 465 2104 Nauia
482 2053 591 2104 dicatur
608 2057 729 2118 tantum,
748 2053 929 2118 nisibiensis,
948 2052 1051 2104 nullum

316 2148 342 2190 u
427 2137 545 2188 Carmen
563 2139 590 2187 in
608 2137 661 2189 hoc
677 2138 774 2189 misero
792 2139 888 2206 funere
905 2140 983 2189 Musa
1002 2145 1100 2189 canat:

368 2223 429 2273 Hoc
445 2223 574 2273 Libitine
592 2224 701 2285 turcus,
720 2223 773 2274 boc
790 2224 834 2274 vir
853 2210 1103 2274 adamantiua'sati

427 2306 522 2373 Cogit,
542 2312 570 2358 et
587 2308 699 2360 effrene
716 2309 812 2360 mortis
830 2323 918 2359 auara
935 2323 1044 2359 manus:

371 2392 484 2445 Occidit
502 2409 536 2444 en
554 2392 637 2444 viridi
656 2399 752 2460 raptus
768 2392 940 2444 Murmellius
958 2408 1032 2457 eruo,

322 2488 349 2529 ss
432 2479 503 2529 Acta
521 2479 566 2528 cui
584 2477 702 2529 nondum
720 2482 780 2528 tota
799 2479 913 2529 iuuenta
931 2479 997 2541 fuit,

370 2560 422 2614 (lui
439 2563 558 2613 nondum
578 2565 696 2629 sparsere
715 2578 808 2614 comae
826 2563 854 2613 in
871 2564 977 2614 vertice
997 2563 1073 2626 cuni3

429 2647 526 2710 Quiuit
544 2648 633 2698 adhuc
652 2647 749 2714 longos
767 2649 813 2714 qui
832 2651 965 2715 superesse
983 2647 1058 2713 dies,

369 2732 475 2783 Proeter
492 2736 619 2782 naturam
638 2734 659 2783 si
677 2748 732 2784 non
749 2734 873 2799 periisset
891 2733 992 2784 acerbo

319 2826 344 2867 η
429 2818 552 2880 Funere,
573 2819 602 2868 iu
619 2817 734 2869 inuisam
752 2824 809 2868 tam
828 2819 884 2868 cito
903 2823 998 2885 raptus
1016 2817 1138 2879 humum,

369 2902 428 2953 Neo
447 2900 610 2953 clandestini
630 2903 685 2953 sine
705 2903 850 2969 suspitione
869 2904 982 2954 veneni:

427 2986 499 3050 (Heu
518 2987 618 3037 cadere
636 2987 664 3036 in
684 3002 837 3053 quenquam
856 2989 972 3039 crimina
990 2993 1070 3039 tanta
1088 2993 1218 3057 queuntl)

370 3071 422 3123 Ille
441 3077 502 3122 erat
520 3072 555 3122 ad
573 3071 692 3123 Pharias
709 3072 809 3138 dignus
826 3073 961 3124 Busiridis
980 3088 1056 3135 uras,

317 3166 343 3208 tt
427 3158 464 3208 Et
482 3172 592 3223 gemere
611 3158 639 3207 in
657 3162 750 3220 tauro,
770 3163 847 3209 torve
865 3156 982 3222 Perille,
1001 3163 1061 3220 tu03

367 3242 419 3295 Ille
437 3244 466 3292 in
485 3244 649 3307 sanguinea,
668 3242 807 3306 Libycas,
826 3244 972 3294 moriturus
991 3258 1077 3294 arena

425 3327 533 3393 Dignus
552 3333 613 3377 erat
630 3329 743 3394 propris
760 3332 872 3394 poscere
892 3343 992 3392 carne,
1011 3329 1101 3392 seraa;

366 3412 418 3464 Ille
438 3417 466 3463 et
483 3410 591 3464 Cretaeo
609 3412 708 3479 dignus
727 3413 901 3464 succumbere
918 3417 1051 3477 monstro,

318 3507 344 3549 ro
428 3497 519 3565 Atque
536 3497 702 3550 Pomctbeas
720 3502 832 3565 pascere
851 3498 950 3566 dignus
968 3515 1048 3562 auem

370 3583 423 3635 llle
441 3584 502 3635 dari
520 3599 644 3652 praeceps
662 3589 741 3652 petre
759 3582 882 3635 Scironis
901 3584 936 3634 sb
956 3585 1027 3647 alta3

427 3669 479 3721 llle
498 3670 662 3721 Procrusten
680 3670 779 3737 dignus
797 3669 873 3721 obire
893 3685 991 3731 cruce,

369 3755 490 3806 Innocuo
507 3756 599 3821 potuit
616 3755 662 3821 qui
680 3761 744 3805 trux
762 3755 874 3806 aconita
892 3760 982 3822 poetm

316 3848 342 3890 u
428 3841 505 3890 Inter
522 3840 661 3906 potenteis
679 3840 806 3892 insidiosa
824 3841 899 3891 dare.

369 3924 424 3988 Qui
441 3925 576 3996 quondam
597 3927 719 3983 extincto
739 3924 822 3977 solum
840 3924 963 3976 detraxit
979 3925 1114 3988 Homero,

426 4010 502 4062 Elisa
520 4025 616 4077 poenas
633 4014 692 4078 post
709 4010 788 4061 modo
807 4011 888 4061 sance
907 4009 994 4061 dedit:

234 4152 377 4204 ¹sortasse
396 4152 421 4199 1.
474 4145 493 4181 ¹¹
512 4147 568 4198 Ubi
585 4150 686 4213 praeter
704 4124 953 4213 interpunctionem
971 4146 1177 4213 litterarumque
1196 4146 1299 4199 formas
1317 4150 1385 4215 quid
1400 4163 1446 4200 mu·

72 4237 75 4243 ’
167 4239 235 4303 tevi,
248 4237 426 4290 adnotatione
439 4234 540 4287 monui.
588 4232 608 4265 ¹¹
621 4232 737 4284 sunebrc
751 4234 774 4283 s.
826 4230 848 4264 ⁸¹
866 4231 907 4283 Ad
925 4248 997 4284 vers.
1009 4231 1051 4286 35.
1064 4248 1122 4298 sqq.
1136 4233 1170 4297 cs.
1184 4233 1297 4283 Halteres
1307 4235 1447 4286 Phalarim.

166 4324 189 4356 ⁸⁷
204 4323 328 4388 Lybicas
347 4327 370 4373 1.
438 4318 462 4352 ⁸⁰
481 4318 580 4370 Creten
599 4320 623 4369 s.
642 4324 717 4368 tauro
740 4318 773 4368 nd
792 4319 905 4369 Hercule
928 4325 1003 4383 rupto
1026 4324 1053 4368 et
1074 4334 1091 4367 rr
1112 4316 1208 4368 Theseo
1227 4317 1290 4381 (rec.
1307 4320 1406 4385 Verpis.
1422 4319 1449 4370 ab

167 4408 293 4470 Hercule)
311 4409 447 4471 interserto
464 4406 498 4469 cs.
510 4404 580 4456 Ootd.
591 4410 649 4454 met.
664 4404 730 4454 VII.
743 4403 800 4454 434.
820 4403 977 4470 Hypiusod.
988 4402 1029 4456 38.
1082 4400 1103 4436 ¹¹
1122 4401 1250 4466 Scyronls
1270 4406 1295 4454 s.
1314 4402 1387 4456 Orid.
1405 4407 1449 4456 tr.

168 4496 226 4546 447.
246 4496 317 4559 Hyp.
327 4497 343 4544 1.
354 4512 377 4545 c.
428 4490 451 4525 ⁴¹
467 4493 616 4543 Procustea
634 4493 658 4540 1.
678 4488 720 4540 Oc.
735 4492 752 4541 s.
765 4506 788 4540 c.
800 4486 858 4540 438.
877 4489 913 4553 es.
927 4490 997 4555 Hyp.
1011 4493 1027 4539 s.
1039 4505 1062 4539 c.
1125 4484 1147 4520 ⁴⁸
1165 4486 1273 4549 Zoilus,
1293 4489 1342 4555 qui
1361 4490 1451 4556 „inga-

168 4582 241 4631 uinm
260 4579 353 4644 magui
371 4579 510 4630 detrectat
526 4575 656 4627 Homeri*
675 4574 757 4639 (Ouid.
770 4591 835 4625 rem.
850 4589 903 4624 um.
917 4572 987 4637 365),
1006 4572 1089 4637 nibil,
1107 4577 1139 4623 ut
1155 4573 1293 4625 Buschius
1311 4574 1396 4639 dicit,
1415 4576 1450 4627 se·

169 4666 220 4727 cit,
245 4663 299 4713 nisi
322 4665 392 4729 quod
411 4667 515 4713 mortuo
532 4661 652 4712 Homero
671 4661 842 4711 conviciatus
862 4665 917 4722 est,
943 4658 1091 4725 capitalem
1108 4674 1224 4726 poenam
1243 4658 1361 4711 solvisse
1379 4661 1452 4711 reric

169 4753 309 4799 narratur:
329 4749 379 4799 alii
396 4749 426 4799 in
443 4762 552 4799 crucem
571 4747 661 4809 fixum,
681 4744 731 4796 elii
748 4745 886 4813 lapidibus
903 4745 1042 4807 obrutum,
1061 4742 1112 4794 alii
1129 4745 1158 4794 in
1176 4759 1272 4811 pyram
1291 4746 1452 4808 coniectum,
