3294 5408
439 386 560 421 HVTTENI
575 386 603 420 1u
617 386 732 420 LOSSIOS
747 385 934 428 Qvnunutevu(
947 386 1032 420 brnen
1046 385 1160 421 rmus.

353 541 404 602 Vix
427 520 507 603 licuit
529 540 614 602 nobis
637 560 670 602 re
693 543 849 621 quiequam
871 541 1003 602 scribere
1026 542 1056 601 in
1079 540 1144 608 illa;

438 644 475 705 Ut
496 645 606 722 rapiat,
629 645 740 722 patrios
763 643 881 718 Lessius
903 642 994 703 ambit
1016 661 1103 720 agros

354 745 532 823 iusidiasque
554 745 624 805 mihi
648 747 749 823 queris
771 744 920 805 molimine
942 745 1048 814 tendit,

301 867 326 906 rr
432 846 614 926 Exercetque
637 864 704 907 suas
726 849 755 906 in
778 847 853 907 urata
876 855 977 908 nestra
1000 864 1112 907 manus.

328 987 330 991 ψ
354 949 425 1009 Cum
449 927 519 1009 mibi
543 967 601 1009 nen
623 948 711 1010 liceat
735 951 874 1028 presenti
897 950 1013 1028 fungier
1036 966 1102 1017 ore,

438 1050 501 1111 Vim
524 1070 632 1129 precor
652 1051 772 1128 ingenie
795 1070 852 1129 qua
876 1058 961 1130 putes
983 1051 1057 1111 aride
1081 1068 1162 1119 men;

353 1152 434 1213 bride
457 1153 529 1212 meis
552 1152 668 1231 pnudus
691 1154 792 1231 quovis
814 1171 952 1213 sermone
975 1150 1118 1233 querelis.

300 1276 326 1315 es
434 1253 620 1313 Carminibus
642 1256 711 1314 rivae
734 1272 861 1331 suggere
884 1257 962 1316 veris
985 1273 1080 1333 utrem.
1158 1304 1160 1309 .

352 1356 429 1416 Nota
449 1354 520 1415 mibi
543 1355 636 1416 noerae
658 1358 727 1417 setis
751 1364 794 1417 est
817 1358 951 1418 facundia
976 1356 1097 1434 liuguae,

439 1456 545 1516 Notum
569 1468 613 1519 est
635 1478 722 1538 quam
745 1460 840 1538 possis
862 1461 959 1519 omnia
983 1459 1038 1520 rite
1060 1458 1154 1538 loqui:

353 1561 414 1621 Nec
436 1558 559 1621 dubium
583 1567 627 1620 est
649 1561 718 1640 quin
742 1562 781 1621 sis
804 1568 905 1621 nostro
928 1562 1115 1639 praestantior
1137 1577 1204 1630 ore,

300 1684 326 1724 m
436 1661 481 1722 Tu
504 1664 642 1741 queniam
664 1660 754 1723 fluide
779 1664 868 1724 vineis
890 1665 918 1723 in
943 1662 1069 1742 eloquio.

351 1763 451 1825 Pande
473 1764 541 1825 duei
564 1751 755 1843 studiumque
776 1784 873 1826 meum
896 1774 1065 1845 sortemque
1087 1766 1250 1833 sinistram,

438 1865 536 1927 Lauda
559 1864 598 1926 ilii
621 1874 755 1927 nestrum
778 1886 835 1946 qua
858 1867 925 1928 licet
947 1869 1113 1945 ingenium:

351 1968 433 2029 Adue
455 1970 529 2029 istuc
551 1986 663 2033 mures,
688 1977 717 2029 et
738 1976 846 2032 nostru
869 1977 1020 2031 stemmata
1043 1970 1153 2047 gentis:

251 2067 255 2077 '
301 2091 327 2131 ae
435 2070 644 2131 Nou'dubiurn
667 2079 711 2132 est
733 2073 804 2150 quin
827 2073 865 2132 sit
886 2070 1073 2133 urebiiisiile
1095 2071 1159 2132 tibi.

355 2173 391 2233 Ut
412 2180 510 2234 tamen
535 2173 597 2233 haee
620 2174 723 2242 inciae,
747 2181 849 2235 nostro
872 2176 1015 2236 movearis
1038 2192 1154 2241 amere,

439 2275 532 2346 Quem
555 2277 612 2335 scis
636 2295 670 2336 ex
695 2277 793 2336 enimn
817 2277 947 2338 nundum
970 2275 1076 2337 abiisse
1099 2295 1174 2336 men.

342 2374 394 2437 'Te
417 2378 564 2456 quondam
589 2376 732 2438 tidrieulae
756 2377 879 2438 multum
903 2377 1021 2439 coluere
1044 2378 1162 2457 puelle,

302 2501 327 2540 n
437 2479 497 2540 Nec
519 2480 616 2540 minor
639 2481 668 2539 in
691 2479 776 2540 nubis
800 2482 930 2540 concitus
953 2480 1041 2540 arder
1065 2488 1142 2550 erat,

354 2581 456 2641 Frater
479 2599 561 2651 eras,
585 2582 716 2648 memini,
741 2601 797 2664 qua
821 2602 867 2643 me
890 2600 1008 2660 quoque
1031 2600 1101 2642 voee
1124 2580 1265 2648 vocabas,

437 2684 467 2743 Si
488 2701 603 2744 memor
626 2703 671 2751 es.
696 2683 794 2744 fratris
817 2693 846 2745 tu
870 2686 1011 2746 miserere
1033 2686 1083 2744 tui.

655 2855 806 2929 (Eleate
843 2856 937 2929 VIL]

536 2955 585 3004 AD
609 2954 827 3005 LVDOVICVM
851 2950 1053 3005 HV‘TTENVM

639 3061 778 3109 nevrrun
794 3062 949 3103 uvaurvu.

353 3159 449 3229 Musa,
474 3158 545 3220 mihi
567 3157 655 3238 lengo
678 3178 828 3238 uunquam
850 3160 963 3222 defessa
987 3158 1103 3228 labore,

437 3260 494 3321 Pru
517 3280 564 3321 me
586 3262 745 3340 quodquod
768 3280 841 3323 unns
864 3281 928 3342 quae
951 3264 1101 3340 pacienter
1123 3261 1201 3329 ubis,

223 3446 226 3452 .
353 3364 410 3423 Per
434 3371 475 3422 tet
497 3382 543 3424 me
566 3364 702 3434 morbus,
726 3382 780 3443 per
803 3371 845 3423 tot
866 3362 956 3424 solata
979 3363 1110 3433 labores,

314 3486 326 3525 r
435 3465 496 3525 Una
520 3485 619 3527 comes
641 3466 740 3527 multis
762 3484 840 3544 sepe
862 3465 961 3526 relicta
985 3465 1083 3537 maiis,

353 3567 454 3644 Longa
477 3569 583 3629 iterum
606 3569 762 3630 metuenda
786 3568 837 3628 tibi
861 3570 913 3637 via,
938 3576 967 3629 et
990 3570 1111 3637 eminus,
1136 3569 1236 3636 instat,

438 3671 547 3747 Perge,
572 3671 689 3732 decebit
711 3690 786 3731 unus
808 3678 837 3731 te
860 3670 983 3732 subiisse
1006 3687 1118 3738 meum,

354 3771 432 3833 Vade
454 3790 508 3850 per
529 3772 700 3834 Hereiuium
724 3775 853 3850 protensi
876 3772 1004 3833 ssnminis
1027 3771 1138 3838 Albim.
1313 3770 1429 3847 mi„

315 3892 329 3933 s
438 3873 527 3934 Cuius
550 3874 638 3935 babet
660 3874 745 3936 iaeras
767 3874 865 3935 accola
889 3875 985 3935 Saron
1008 3892 1115 3953 equas,

353 3977 447 4053 Atque
470 3975 520 4037 ubi
542 3979 692 4037 transieris
714 3994 849 4053 magnam
872 3977 1020 4037 Bruneuis
1042 3977 1078 4036 ari
1101 3975 1204 4036 urbem
1269 3992 1274 4004 ·

438 4078 474 4139 Et
495 4096 565 4156 rega
590 4078 761 4157 Bruusrigin
783 4078 898 4140 subdita
921 4096 1013 4154 regna
1036 4077 1119 4146 rirrc'i,

153 4183 355 4192 .—.--———

218 4213 239 4246 ²¹
259 4215 477 4281 qnidqrram2.3.
525 4213 689 4277 ”infiniti
736 4212 878 4279 ”urrinni
892 4219 914 4265 1.
961 4213 983 4247 ²⁸
1001 4215 1059 4267 uiue
1075 4217 1094 4263 1.
1134 4211 1276 4265 ”uertet
1318 4213 1436 4276 timum.

151 4301 174 4333 ³⁹
193 4297 295 4365 orbiu]
314 4300 562 4350 Freneofurtensea
579 4300 737 4351 Mereirieoe.
790 4297 813 4330 ⁴²
831 4299 913 4364 misere
926 4303 949 4349 I.
967 4301 1016 4349 sed
1026 4299 1100 4348 Ilntt.
1115 4305 1139 4347 et
1156 4304 1215 4347 vett.
1228 4313 1316 4347 mnatre
1333 4313 1403 4348 corr.

221 4385 287 4434 liud.
301 4385 380 4436 Hutt.
393 4386 551 4450 interempti
564 4386 677 4436 Ieenuis
689 4389 806 4449 petrem,
825 4384 1133 4450 Frenkenbergensium
1146 4384 1329 4432 Huttenorum
1343 4397 1438 4448 paren·

152 4477 216 4532 tem,
236 4471 269 4521 de
289 4486 341 4535 quo
357 4472 384 4520 iu
403 4470 527 4520 omnibus
545 4470 588 4520 bie
606 4470 789 4520 voluminibus
806 4485 881 4535 saepe
900 4468 1067 4519 dictumest.
1122 4467 1129 4500 ¹
1149 4465 1194 4531 bie
1208 4472 1230 4516 Ῑ.
1250 4469 1380 4516 miniatem·
1396 4468 1438 4515 nd·

151 4556 286 4604 scribenda
303 4559 394 4606 relicta
411 4561 498 4606 littera
515 4557 551 4606 Μ.
613 4554 687 4619 'que
706 4557 729 4606 1.
795 4555 934 4619 patienter
953 4557 1010 4603 23.
1064 4552 1212 4605 ξἠπίίειινη
1225 4555 1248 4602 1.
1267 4555 1316 4601 aeri
1329 4553 1401 4601 Heu.
1415 4557 1438 4599 et

152 4655 228 4688 meum
245 4656 288 4690 ear.
301 4645 376 4690 metri
391 4645 469 4690 carrea
486 4656 554 4689 eurr.
569 4639 728 4699 metuende,
754 4638 876 4701 (edicitur
898 4643 923 4687 br
946 4639 993 4688 bor
1009 4642 1133 4703 (liberem
1157 4642 1267 4703 propter
1285 4637 1437 4698 Loesiunr);

154 4725 294 4774 metiundn
313 4730 444 4789 exemplar
461 4726 586 4789 Wolyast.
600 4732 625 4774 et
638 4727 662 4774 2.
671 4728 697 4775 3.
750 4723 761 4754 ⁷
779 4724 949 4787 Hercynium
968 4726 1028 4772 23.
1083 4723 1093 4750 ¹¹
1112 4727 1181 4775 irunt
1199 4725 1224 4773 1.
