3294 5408
157 391 263 429 rtur
272 390 309 426 ΑΒ
315 387 601 427 088.ΙΔΧΙΙῙΙ,ῙΔῊΗ
612 389 646 423 VT
656 385 767 423 BELLVH
777 387 805 422 nt
816 385 941 421 VENRTOS
952 385 1067 428 PBOSEQ.
1075 383 1320 421 BXHOB'I'ATOBIW.
1353 353 1424 425 127

341 546 422 607 tude
443 546 557 605 animos
579 561 697 620 carrum,¹
711 561 748 603 ne
770 550 799 604 te
821 543 978 601 commorit
998 539 1139 610 inultum,

426 648 479 710 Cui
502 665 581 707 nunc
604 647 738 707 maiestas
760 644 878 706 sordida
901 644 974 704 iacta
999 650 1047 704 tua
1070 651 1128 707 cst:

312 812 316 819 ,
343 751 395 813 Cui
418 769 512 818 nunc,
536 749 613 829 (prod
636 751 740 827 patriis
763 766 795 808 es
816 747 898 807 tarde
921 745 1031 806 viribus
1054 763 1138 813 rusus,

304 874 329 913 as
425 853 604 914 Germanum
628 853 721 911 risum
742 858 788 925 cst
810 849 1005 925 degenerasse
1027 848 1127 909 decus.

342 955 417 1025 Ouid
441 955 519 1034 quod
541 956 569 1015 in
593 971 673 1014 arma
697 959 801 1012 vocant
823 958 851 1011 et
874 959 901 1011 te
923 952 1035 1030 petiere
1057 952 1190 1029 priores?

428 1056 472 1118 th
494 1056 621 1136 pudcta
645 1054 762 1116 Venetis
784 1051 946 1132 qiremlibet
966 1053 1021 1113 ista
1044 1055 1112 1131 pati.

342 1160 401 1221 Sed
423 1157 531 1239 quibus
552 1177 568 1217 a
592 1157 725 1219 Venetici
747 1175 763 1215 a
786 1153 980 1233 piscatoribus
1002 1153 1072 1222 illis,
1186 1144 1190 1151 ¹

305 1281 330 1322 aa
427 1261 532 1322 litania
554 1261 584 1319 in
607 1253 744 1336 Euganea
768 1260 817 1335 ‹pui
840 1275 966 1336 posuere
990 1256 1082 1319 freto:

342 1362 415 1424 Nam
438 1353 490 1441 qui
511 1380 589 1422 nunc
612 1369 706 1422 terras
727 1359 784 1420 lata
807 1358 1126 1435 dicionegubernant,

426 1468 449 1525 t
472 1463 580 1543 quibus
601 1463 658 1523 boc
679 1464 775 1540 ipsum
798 1480 877 1535 rrunc
900 1480 982 1523 marc
1005 1480 1111 1522 riomen
1136 1461 1239 1528 babet.

341 1567 378 1628 m
400 1569 456 1646 qui·
472 1566 634 1627 Germanas
656 1566 719 1625 ausi
741 1571 929 1624 contemnere
951 1564 1043 1632 vires,
1107 1634 1112 1649 .

305 1691 330 1731 ao
423 1668 456 1728 ln
480 1676 508 1729 te
530 1668 671 1746 praecipiti
694 1665 826 1734 turbine,
851 1666 962 1735 Cesar,
987 1674 1071 1736 eunt,

342 1770 402 1832 llos
424 1768 529 1849 aliquis
550 1768 684 1830 scabram
707 1770 851 1847 piscatum
874 1767 983 1829 ducere
1006 1768 1141 1848 cymbam

426 1871 501 1931 Vidit
523 1878 552 1933 el
573 1871 729 1932 Adriacum
752 1869 839 1931 lintre
861 1889 963 1932 secare
985 1870 1100 1931 vadum.

341 1961 566 2052 lpsum'etiam
589 1980 678 2034 tantm
700 1971 782 2032 urbis
804 1990 895 2050 opus,
919 1972 1075 2034 cultissima
1098 1991 1198 2034 rerum

305 2098 332 2139 aa
426 2075 530 2136 Moenia
555 2082 583 2136 et
605 2076 633 2135 iu
658 2075 753 2136 medio
777 2076 887 2135 consita
910 2092 1001 2152 regna
1025 2075 1114 2144 mari,

344 2177 493 2256 lluctaque
516 2179 693 2237 marmoreis
716 2178 842 2253 ingentia
866 2183 942 2237 tecta
966 2175 1124 2246 columnis,

431 2278 519 2339 Tecta
543 2277 587 2339 rel
609 2280 726 2340 auratis·
740 2277 892 2359 splendida
916 2276 1106 2349 culminibus,

344 2380 474 2459 Quasque
497 2398 588 2459 super
610 2379 683 2441 nibil
705 2389 750 2442 est
770 2379 898 2441 bumana
922 2379 1020 2442 nobile
1043 2380 1127 2451 luxu,

306 2504 330 2544 aa
427 2483 458 2544 Si
479 2500 593 2562 quaeras
617 2481 705 2542 ‘ande
728 2477 797 2542 est‘l'
821 2500 878 2543 una
900 2485 1004 2561 rapina
1027 2482 1088 2544 luit.

343 2584 441 2646 Prima
463 2584 582 2664 quidem
604 2585 685 2661 genti
707 2583 834 2662 Phrygio
858 2583 895 2645 de
917 2585 1059 2662 sanguine
1082 2587 1165 2665 origo

427 2688 521 2764 Atque
543 2686 720 2747 Antenorcis
742 2685 852 2762 prodiit
873 2704 890 2746 a
913 2686 1044 2756 Venetis:

344 2876 418 2932 tude
440 2877 544 2933 animus
566 2894 669 2938 causm,
692 2891 743 2931 occ
766 2885 792 2932 te
814 2878 958 2933 commorit
981 2878 1097 2935 inultum

311 2978 334 3017 ro
430 2961 477 3017 Cui
501 2979 571 3018 uiroc
593 2961 720 3017 maiestas
742 2961 850 3018 sordida
872 2962 942 3018 lucta
966 2972 1011 3019 tua
1033 2972 1090 3025 est.

344 3046 392 3103 Cui
415 3063 499 3109 nunc,
523 3047 595 3120 quod
617 3046 713 3120 patriis
736 3063 766 3102 es
791 3046 868 3102 tarde
890 3047 992 3103 riribus
1015 3065 1094 3108 usus.

428 3131 587 3188 Germanum
609 3132 695 3188 visum
718 3141 760 3187 est
781 3132 961 3204 degenerasse
982 3132 1074 3190 decus.

344 3214 411 3283 Quid
434 3217 505 3290 quod
530 3216 557 3271 in
579 3234 652 3273 arma
674 3225 771 3273 vocant
793 3225 820 3271 et
844 3225 869 3272 te
891 3218 996 3290 petiere
1018 3219 1142 3292 priores?

307 3318 332 3357 ao
427 3301 467 3358 Ab
484 3302 579 3374 pudor
596 3310 637 3357 cst
658 3302 792 3357 Pataram
814 3319 869 3356 noo
891 3303 992 3358 actitare
1010 3304 1130 3375 nephas.-

344 3386 408 3442 b'am
432 3387 477 3461 qui
499 3404 571 3442 nunc
595 3394 681 3442 terras
704 3385 756 3442 lata
779 3386 883 3442 ditione
905 3386 1072 3460 gubernant,

428 3473 449 3527 t
472 3471 571 3546 quibus
594 3471 645 3528 boc
668 3471 756 3545 ipsum
780 3489 850 3528 nunc
873 3489 944 3527 marc
968 3490 1065 3529 nomen
1088 3472 1184 3535 babet,

344 3555 377 3612 lit
399 3557 445 3631 qui
468 3556 614 3612 Germanos
636 3557 693 3612 ausi
716 3565 822 3611 tentare
842 3557 971 3628 sorores,

307 3656 331 3699 aa
427 3641 455 3696 ln
479 3649 505 3697 te
527 3642 659 3715 precipiti
682 3641 804 3704 turbiue,
828 3642 931 3704 Caesar,
954 3650 1034 3704 eunt,

344 3724 519 3800 llos.aliquis
542 3727 678 3783 Pataram
700 3727 833 3800 piscatum
855 3727 954 3783 (lucere
978 3727 1098 3800 cymbam

430 3810 500 3866 Vidit
522 3819 550 3867 et
572 3811 714 3868 Adriacum
737 3811 818 3867 lintre
841 3828 933 3867 secare
954 3812 1066 3883 [retum.

345 3895 435 3969 lpsum
458 3897 655 3958 etiamtiam
677 3895 752 3952 urbis
776 3913 858 3970 opus,
881 3895 1029 3953 cultissima
1053 3915 1143 3954 rerum

307 3972 332 4013 ²⁸
426 3980 520 4038 lloenia
543 3989 571 4037 et
592 3982 618 4037 in
641 3982 730 4037 medio
752 3982 857 4038 consita
880 3998 963 4054 regna
987 3983 1069 4045 niori,

345 4066 480 4140 liuetnque
502 4067 660 4123 marmoreis
684 4066 803 4139 ingentia
826 4074 896 4122 tecta
917 4065 1066 4139 columnis,

396 4162 400 4167 '
431 4152 510 4208 Tecta
533 4150 574 4207 rel
596 4152 699 4207 auratis
721 4150 862 4226 splendida
885 4151 1060 4212 culminibus.

345 4232 465 4309 Quaeque
487 4253 570 4310 super
592 4235 658 4291 nibil
681 4245 723 4292 cst
746 4237 862 4292 lirrruano
885 4235 976 4292 nobile
999 4235 1077 4297 luxu,

307 4336 334 4378 ³2
430 4320 457 4377 Si
480 4338 587 4395 quaeras
611 4322 690 4378 ‘unde
712 4322 780 4378 esti’
801 4324 860 4377 solo
881 4322 973 4395 rapina
996 4321 1056 4377 luit.
1386 4336 1430 4386 (aar

217 4486 237 4520 ’¹
253 4484 296 4537 Cl.
309 4485 422 4538 heroica
440 4485 473 4535 tle
492 4487 634 4551 piscatura
647 4487 670 4535 V
673 4492 744 4536 enei.
759 4492 787 4535 et
800 4487 885 4536 Marc.
944 4483 1117 4550 ⁷²·Euganeo
1131 4482 1212 4549 scete]
1232 4486 1295 4534 sinu
1313 4485 1428 4535 Veneto.

160 4571 178 4607 ⁶⁵
189 4568 230 4622 Gi.
242 4568 355 4620 heroica
373 4570 432 4620 citt.

211 4655 235 4689 ¹⁹
251 4655 397 4706 Patavium
416 4655 451 4706 ab
469 4656 578 4706 taurea
597 4656 686 4705 Gritto
706 4661 815 4720 captum
835 4663 1074 4721 expugnatamque
1094 4659 1305 4719 rocrrperaturua
1329 4654 1431 4706 bantra

157 4745 288 4814 appugual
306 4739 425 4790 Caesaris
445 4741 583 4791 exercitus
602 4757 661 4789 eum
681 4742 765 4789 sociis
785 4756 809 4788 a.
826 4739 898 4789 rota.
951 4739 972 4771 ²¹
991 4741 1118 4806 precipiti
1139 4743 1161 4788 1.
