3294 5408
67 426 245 477 ADDENDA
262 426 311 475 AD
330 426 413 477 VOL.
426 426 462 478 11.
482 422 674 476 cccnmxv*.
693 439 946 476 urca.aorr1uaan
959 440 995 474 su
1009 437 1150 474 sarasavu
1163 437 1252 475 srrsr.
1290 408 1360 478 561

137 598 201 661 Pup.
214 594 273 648 466.
287 598 400 648 addatur
416 597 472 646 duc
489 595 616 661 Epistola
634 595 781 645 Michaelis
799 595 947 661 Rottinger
966 595 1001 645 ad
1019 593 1167 645 Danielem
1185 593 1338 644 Stibarum:

532 729 899 806 CCCLXXXXV*.

138 902 164 956 S.
184 904 328 954 Venissem
347 903 382 952 ad
400 907 442 966 t-e,
461 905 498 952 mi
516 902 649 965 Daniele,
669 902 811 952 sicuttibi
830 903 944 952 abeunti
962 897 1136 966 pollicebar!
1149 900 1198 949 sed
1216 904 1366 966 tempesta·

70 994 113 1038 tes
131 989 218 1038 variae
237 989 353 1037 interim*
367 989 420 1036 iter
438 987 581 1037 difficilius
600 985 773 1051 effecerunt]
793 988 865 1037 nosti
884 992 976 1036 autem
995 986 1061 1035 mibi
1081 987 1204 1035 iumenta
1222 1001 1277 1034 uon
1296 1000 1367 1036 esse.

72 1072 226 1123 Secundum
245 1072 296 1122 hoc
315 1073 477 1137 postulabas
496 1077 526 1121 ut
544 1073 595 1121 tibi
614 1072 772 1122 scriberem.
810 1072 878 1121 Cum
897 1077 989 1121 autem
1009 1071 1060 1120 hoc
1079 1070 1160 1120 valde
1174 1070 1293 1135 cupiam,
1313 1085 1367 1118 non

46 1158 147 1207 evenit
165 1157 234 1206 mihi
252 1159 282 1206 in
301 1164 418 1207 mentem
438 1174 490 1223 quo
510 1157 651 1207 literarum
670 1173 772 1222 gerrerc
792 1157 826 1206 ad
845 1161 873 1207 te
891 1162 963 1206 utar.
999 1156 1070 1205 Nam
1088 1160 1118 1203 ut
1135 1153 1300 1204 beneficium
1320 1159 1369 1202 aut

73 1239 187 1290 alterius
206 1243 316 1307 generis
336 1243 458 1293 officium
478 1243 614 1293 amiciciae
633 1248 734 1292 nostrae
753 1247 859 1306 petam,
884 1256 956 1290 nunc
981 1255 1036 1289 nou
1053 1239 1171 1293 videtur.
1207 1240 1274 1288 Eius
1295 1239 1368 1287 enim

72 1325 274 1375 benevoleneia
292 1331 399 1376 tantum
418 1328 527 1377 interim
547 1328 600 1377 frui
620 1328 752 1378 constitui
759 1324 774 1388 l
789 1327 851 1375 dum
871 1325 976 1391 aliquid
995 1340 1124 1390 magnum
1142 1329 1171 1373 et
1189 1323 1301 1388 dignum
1320 1327 1369 1371 tna

72 1408 244 1460 liberalitate
258 1411 370 1472 incidat,
390 1417 420 1461 ut
432 1418 487 1462 tum
502 1414 560 1463 cius
578 1428 656 1462 usum
676 1413 840 1462 attractum
860 1425 966 1476 qnoque
987 1410 1122 1474 experiar.
1158 1409 1195 1457 Et
1212 1407 1264 1457 boc
1284 1407 1368 1456 etiam

74 1499 101 1543 te
120 1511 168 1559 pro
186 1500 235 1545 tua
254 1496 466 1560 magnificencia
485 1498 569 1548 malle
589 1497 726 1561 intellige.
764 1496 836 1558 Quid
856 1501 947 1544 autem
967 1494 1019 1543 tibi
1039 1495 1165 1543 intanta
1189 1491 1310 1542 lecerunt
1328 1493 1369 1542 vi-

40 1593 64 1630 ιο
74 1580 191 1628 ciuitate
210 1581 275 1629 novi
293 1586 341 1629 aut
359 1582 478 1631 inauditi
497 1584 635 1632 scribam?
655 1582 724 1630 Nam
744 1596 804 1645 quse
823 1595 910 1644 nuper
928 1578 995 1628 mihi
1013 1579 1099 1628 missa
1118 1582 1146 1627 et
1164 1579 1271 1642 scripta
1283 1575 1369 1626 Ntirn·

73 1663 161 1727 berga
179 1668 255 1723 sunt,
275 1665 413 1715 Huttenus
433 1672 526 1716 noster
543 1667 594 1716 tibi
613 1665 746 1714 narrabit.
784 1665 818 1713 Et
838 1679 872 1713 ea
891 1678 997 1727 quoqne
1017 1662 1150 1712 eiusmodi
1169 1667 1247 1725 sunt,
1267 1667 1298 1711 ut
1316 1662 1371 1711 nisi

73 1754 101 1797 te
120 1749 223 1798 maiore
242 1749 315 1798 inter
333 1755 394 1799 tuos
412 1750 548 1816 religione
569 1766 629 1799 esse
653 1751 797 1810 sentirem,
823 1763 877 1797 non
900 1746 1086 1812 significanda
1110 1746 1248 1796 ducerem.
1285 1745 1370 1796 Intel-

73 1834 137 1898 ligis
157 1836 229 1883 enim
248 1834 422 1884 hauddubie
441 1835 615 1900 gravioribus
634 1835 803 1899 argumentis
821 1834 900 1882 brevi
918 1835 1060 1897 ingentem
1079 1832 1198 1881 omnium
1212 1847 1300 1880 rerum
1313 1847 1370 1880 mu-

74 1919 212 1967 tacionem
231 1919 381 1979 imminere,
402 1919 455 1969 imo
475 1921 515 1968 sic
535 1920 647 1977 instare,
668 1925 698 1968 ut
718 1935 751 1968 ea
769 1919 870 1968 sensim
890 1917 950 1967 fieri
969 1916 1095 1981 incipiat.
1131 1917 1167 1965 Et
1186 1917 1231 1980 qui
1250 1918 1292 1965 sic
1311 1917 1370 1965 ani·

42 2010 164 2056 samatus
184 2008 233 2065 est,
254 2003 340 2052 facile
361 2008 389 2052 et
407 2005 488 2067 signa
507 2004 636 2053 accidere
656 2019 737 2068 posse
757 2009 785 2052 ct
804 2002 935 2052 exhibitis
955 2002 1115 2063 assentitur,
1135 2007 1165 2050 ut
1184 2001 1280 2050 eredat
1299 2001 1371 2065 quod

75 2094 150 2137 certo
175 2092 336 2137 eventurum
360 2089 410 2150 sit,
437 2089 463 2138 id
487 2091 562 2153 [rrius
587 2095 698 2153 propter
721 2089 780 2138 eins
799 2087 1019 2152 magnitudinem
1040 2092 1067 2136 et
1086 2086 1265 2136 atrocitatem
1284 2102 1300 2135 a
1319 2085 1371 2135 deo

74 2169 248 2236 significaris
263 2172 333 2237 quod
352 2173 446 2222 multis
465 2189 571 2237 qiroquc
592 2179 656 2223 ante
676 2174 877 2222 mutaeienibus
896 2172 1071 2236 imperiorum
1091 2175 1118 2220 et
1136 2185 1226 2220 rerum
1244 2171 1306 2235 pub.
1326 2187 1370 2220 eo·

73 2257 134 2305 dem
153 2257 232 2307 modo
252 2257 357 2306 factum
377 2273 437 2307 esse
458 2259 592 2322 agrioscit.
630 2257 735 2322 Vulgus
755 2258 902 2307 barbarum
927 2263 955 2306 et
978 2257 1136 2320 imperitum
1159 2257 1215 2305 ista
1233 2255 1323 2305 ridere
1343 2261 1372 2305 et

74 2341 216 2406 negligere
235 2340 326 2406 soleti
345 2342 393 2391 sed
419 2358 452 2392 ea
470 2359 524 2393 non
543 2344 670 2395 scribam.
707 2344 845 2392 liuttenns
865 2342 937 2390 enim
953 2324 989 2391 de
1008 2341 1142 2392 flammeis
1160 2340 1275 2406 Angelis
1296 2341 1372 2390 cirea

38 2427 231 2480 roErtordiam
248 2427 327 2488 visis,
346 2428 380 2477 de
400 2428 489 2478 stellis
508 2428 627 2478 hastatis
634 2427 650 2490 l
663 2428 695 2476 de
716 2433 883 2478 armatorum
903 2426 1033 2477 conflictu
1051 2427 1080 2475 in
1093 2421 1179 2487 aare!
1195 2442 1274 2491 quem
1289 2426 1372 2476 Geor·
1442 2421 1444 2425 ’

73 2512 134 2576 gius
154 2512 277 2561 biarchio
295 2522 380 2562 noctu
398 2514 472 2562 feras
491 2524 602 2563 sectans
622 2529 683 2561 cnm
701 2515 758 2562 siris
778 2509 899 2573 audivit]
913 2513 979 2560 item
998 2511 1030 2560 ‹le
1050 2510 1133 2560 stella
1151 2511 1277 2560 inaudita
1291 2527 1371 2575 quam

74 2596 230 2646 Sebonerus
247 2596 425 2661 Nrirmbergae
449 2599 532 2658 vidit,
557 2599 647 2647 ornnia
670 2599 777 2658 reseret.
814 2597 958 2646 Sclraedam
981 2600 1117 2661 praeterea
1140 2594 1173 2644 de
1196 2595 1371 2646 Draconibus

74 2678 196 2744 inclusi!
214 2681 247 2729 de
272 2682 349 2731 euius
373 2681 424 2731 fide
450 2699 555 2746 quoque
580 2682 760 2731 dubitandum
783 2697 837 2730 non
860 2681 978 2730 videtur.
1014 2680 1084 2729 Nam
1103 2679 1241 2729 hominem
1260 2682 1324 2731 nori
1343 2687 1371 2730 et

74 2762 150 2812 locus
168 2779 221 2813 non
239 2764 321 2829 longe
339 2767 502 2830 Niirnberga
521 2769 589 2815 situs
608 2772 658 2818 est.
696 2768 737 2815 De
756 2764 896 2830 pontificis
916 2767 983 2828 fuga
1002 2768 1030 2812 et
1049 2763 1232 2813 cardinalium
1251 2780 1305 2814 non
1323 2781 1370 2815 vo·

76 2930 327 2981 occtxxxxw.
352 2935 429 2984 llane
447 2938 578 2999 epistulam
596 2953 631 2985 ca·
649 2937 706 2985 eod.
726 2935 784 2986 bibl.
803 2951 857 2999 rep.
871 2934 974 2983 alienae.
987 2938 1038 2982 MS.
1060 2933 1161 2984 Coiieet.
1177 2933 1307 2983 Canterar.
1320 2937 1369 2983 uei.
1448 2960 1453 2967 ·

76 3019 118 3066 13.
129 3017 176 3079 lei.
190 3020 214 3065 9.
228 3019 306 3067 edere
324 3020 400 3067 sisinn
418 3026 470 3081 est,
496 3037 540 3075 ne,
565 3038 621 3085 quea
640 3023 771 3069 rrannuiios
789 3022 902 3083 decepit,
927 3025 954 3067 ut
977 3036 1031 3069 cam
1054 3021 1090 3068 ad
1106 3019 1217 3067 IIutteni
1233 3021 1316 3069 nostri
1333 3024 1369 3068 ut·

75 3108 124 3149 tani
143 3105 288 3152 accuratius
306 3106 506 3167 copnasccndarn
525 3107 623 3170 aliquid
639 3106 760 3168 ceriferae
779 3112 854 3170 utqrte
873 3105 937 3153 lianc
955 3105 1070 3154 Danielis
1088 3103 1188 3154 Stiburi
1204 3120 1221 3152 a
1233 3103 1369 3153 liabeneclr

81 3187 303 3253 Wirceburpensis
321 3187 380 3238 ICti
402 3195 427 3237 ct
445 3192 561 3239 canonici
579 3191 608 3252 (†
628 3208 652 3239 a.
668 3195 743 3239 1555.
757 3197 800 3239 ret.
814 3194 856 3239 52.
879 3191 916 3252 Cf.
931 3191 1026 3239 Adana
1041 3191 1095 3239 uiti.
1116 3189 1265 3240 Germanas.
1279 3188 1368 3239 ICtor.

75 3272 195 3321 Ilaideib.
217 3277 291 3322 1620.
309 3274 345 3323 8⁰.
361 3291 388 3337 p.
403 3277 460 3324 105.
472 3278 541 3340 sqq.)
566 3275 749 3341 attenuataque
774 3277 877 3338 ltotinpi
900 3275 929 3336 (†
948 3292 972 3324 a.
987 3277 1062 3325 1588.
1080 3282 1124 3324 ret.
1138 3277 1180 3323 94.
1202 3273 1240 3336 Cf.
1265 3275 1328 3323 Wiil
1344 3282 1370 3324 et

76 3357 200 3421 it'opitsch
218 3356 362 3428 usenberg.
376 3358 627 3422 (belebrtttulttriceu
644 3377 666 3409 o.
687 3362 790 3425 listina)
814 3363 916 3410 amicum
936 3362 1018 3423 fuisse
1036 3362 1216 3425 opinarentur,
1240 3365 1300 3423 post
1322 3360 1370 3409 dac

75 3445 139 3490 aiios
162 3444 282 3505 decipiat.
319 3443 350 3492 Si
366 3461 456 3494 artuum
475 3463 524 3512 qiua
543 3448 643 3511 scriptu
660 3453 700 3495 est
717 3448 826 3510 epistula
849 3447 1022 3510 eaprirncret,
1045 3447 1130 3494 statim
1152 3446 1291 3494 tridercntus
1315 3461 1370 3494 cum

74 3529 146 3590 lonae
157 3533 217 3590 pest
229 3528 338 3578 llutteni
356 3533 438 3580 nostri
451 3532 546 3592 struere
565 3532 666 3596 (priario
684 3540 746 3596 putu
764 3529 1070 3593 sa’cuii.t'V1.dccennie)
1087 3530 1209 3593 scriptum
1222 3545 1293 3579 csse:
1313 3547 1369 3579 nam

75 3613 203 3660 Huttenus
222 3628 292 3677 quem
310 3616 410 3671 laudat,
435 3616 577 3666 illauricius
595 3624 648 3673 cst‚·
672 3618 703 3666 ric
722 3633 770 3682 qiua
789 3618 823 3673 cf.
836 3621 885 3667 vel.
899 3622 929 3665 11.
941 3633 968 3680 p.
983 3617 1042 3663 110.
1057 3617 1116 3664 inid.
1136 3614 1208 3663 Idem
1227 3614 1370 3665 Mauricius

74 3697 214 3754 Huttenus,
238 3714 287 3746 non
306 3706 394 3748 nester
414 3701 526 3763 (lirina,
550 3705 618 3751 inter
636 3703 729 3751 airricus
747 3701 846 3751 Stibari
862 3704 938 3765 (iltius
957 3701 1075 3750 ‘Danieli
1099 3702 1141 3765 qui
1157 3707 1310 3749 memoratur
1327 3704 1370 3752 cit.

73 3798 100 3845 p.
115 3784 173 3831 415.
191 3799 213 3831 υ.
229 3785 273 3831 31.
293 3786 383 3850 quique
402 3801 468 3834 anno
482 3788 557 3835 1518.
576 3788 631 3850 ipse
650 3789 789 3851 quatordecim
807 3802 888 3836 aanor
900 3794 973 3836 narra
990 3787 1095 3849 primum
1108 3784 1243 3846 Enserdiru
1254 3803 1308 3835 crem
1322 3788 1369 3835 Ca-

74 3871 184 3916 meraris
202 3871 406 3918 cousuetudinem
424 3887 455 3919 ac
470 3872 670 3932 sarrrttiurituteru
688 3871 781 3920 lrrrbcrc
799 3871 886 3936 erepit)
905 3878 929 3919 ct
945 3871 1086 3919 Curncrarii
1096 3871 1121 3918 in
1135 3871 1206 3920 iterius
1219 3873 1250 3920 de
1264 3871 1370 3920 liubana

74 3952 160 4001 Hessn
178 3953 267 4001 libellis
284 3955 364 4001 niudis
381 3958 443 4003 lucis
460 3959 586 4013 Inrrdatur,
604 3959 678 4022 inque
697 3959 784 4006 iisdem
801 3957 890 4007 libeliis
908 3956 1036 4012 lindunae,
1055 3957 1112 4004 darn
1132 3955 1306 4019 Nariatberpur
1324 3957 1369 4004 rie-

74 4043 152 4095 ceret,
173 4038 315 4100 Ilattinperi
332 4043 445 4103 rrtrrlepw
459 4043 595 4100 [erudiaris
613 4049 638 4089 ct
657 4044 731 4090 aurici
747 4044 787 4091 sui
802 4042 847 4090 sub
867 4041 956 4097 trica,
982 4041 1079 4104 llyculi
1095 4043 1147 4088 sice
1167 4041 1257 4090 :llirali
1275 4041 1370 4089 Mirus·

441 4128 487 4175 liae
506 4126 643 4175 nominibus
660 4143 730 4190 sape
748 4128 895 4176 rucrrtioucrn
912 4128 1006 4176 iniecit.
1041 4159 1043 4162 ψ

125 4340 401 4410 ²interpunctionem
415 4365 440 4413 q.
450 4364 475 4399 v.
491 4365 523 4398 ex
537 4349 710 4415 aritograpbo
723 4349 832 4410 retinui,
847 4349 903 4398 nisi
916 4349 986 4413 qued
1000 4354 1136 4398 commata
1149 4346 1229 4395 hriius
1243 4345 1370 4408 formre(,)

75 4446 92 4479 a
111 4447 153 4479 me
174 4431 268 4480 addita
287 4439 356 4483 sunt.
410 4431 429 4463 ¹¹
449 4434 580 4484 narrabat
597 4439 648 4484 MS.
708 4434 728 4467 ¹⁵
747 4436 783 4484 l't
802 4440 852 4485 MS.
917 4433 939 4465 ²²
958 4431 1089 4497 seltener]
1110 4434 1228 4482 loannes
1247 4431 1370 4480 Sclroner

75 4530 96 4565 s.
110 4515 241 4577 §chonen
262 4517 484 4580 Carolostadius,
504 4521 621 4569 Andreae
640 4525 732 4583 pater,
752 4522 798 4584 qui
817 4520 852 4569 ab
872 4536 897 4569 a.
914 4516 986 4567 luno.
1011 4518 1200 4581 Norimborgoe
1219 4517 1371 4565 mathema-

73 4601 161 4649 ticam
180 4602 281 4651 docnit.
302 4604 320 4662 †
340 4603 384 4651 die
404 4619 452 4652 suo
471 4604 559 4653 natali
578 4622 603 4653 a.
621 4604 694 4653 1547.
709 4605 951 4669 septuagenarius.
971 4603 1013 4651 Cf.
1029 4603 1104 4652 Will.
1119 4603 1145 4651 li.
1159 4619 1184 4652 v.
1256 4600 1369 4665 referet}

72 4687 111 4734 sic
129 4688 190 4734 alerii
207 4704 242 4736 ca·
260 4687 341 4737 (irritis
359 4693 408 4738 MS.
423 4690 538 4738 (luctibus
562 4706 623 4754 quos
646 4691 667 4738 is
690 4694 731 4739 cui
748 4691 921 4754 apoprapkurn
939 4688 1018 4738 de¹bca
1038 4688 1091 4736 scit
1109 4694 1175 4744 etc„
1201 4690 1245 4751 qest
1261 4704 1371 4751 (spayra-

71 4770 147 4834 pirum
165 4779 257 4835 royatu
275 4790 328 4822 mco
347 4777 500 4823 retractauit
517 4773 628 4824 scilicet
646 4776 831 4839 interpretatus
854 4781 901 4823 est.
938 4773 1024 4822 Etiam
1045 4771 1122 4822 eaba
1140 4771 1285 4821 Scluedarn
1305 4788 1370 4836 pra·-

135 4858 264 4908 Hvrrssr
284 4860 352 4908 Orc.
377 4876 441 4910 vor..
460 4860 510 4910 ΠΙ.
853 4853 857 4861 ’
1110 4856 1150 4916 36
