3294 5408
271 448 394 488 nvrrnltr
407 449 444 488 an
457 448 591 489 cusam
605 444 817 489 rraxlrrruratrvrr
829 450 1055 491 arrosnuuurvtr
1067 451 1161 490 urana.

190 601 253 663 125.
613 609 662 659 nn
681 609 818 659 nuncu.

270 728 331 791 Viri
353 729 485 792 venimus
507 728 565 790 huc
587 731 833 809 superstitesquc.

269 831 353 911 lungi
374 833 417 893 sic
440 832 556 892 inimica
580 849 771 893 cerneremus

269 931 367 995 Gallos
389 940 477 1013 atquc
500 934 559 994 odii
582 935 706 995 inscium
730 932 878 995 leonculi

266 1037 362 1114 Atque
384 1035 586 1097 hoccrcdere
609 1037 674 1116 quis
696 1042 792 1115 potest
813 1044 968 1116 nepotum,

245 1136 344 1198 sCum
368 1137 450 1199 Gallo
473 1156 627 1218 aequoreas
649 1140 743 1199 coisse
765 1137 878 1211 llauas,

204 1254 207 1265 ·
270 1239 321 1301 Vel
342 1242 458 1303 iunctos
480 1243 517 1302 ita
541 1259 609 1302 cum
631 1239 730 1302 Leone
752 1238 852 1303 Gallos

269 1343 416 1404 lldversus
437 1344 571 1424 Aquilam
594 1344 701 1423 petisse
723 1342 839 1422 signisl·

269 1444 338 1506 llaec
361 1446 483 1508 audacia
505 1463 626 1525 magua:
649 1453 680 1506 at
701 1443 748 1506 illa
771 1446 882 1515 maior,

269 1546 301 1607 Si
323 1558 409 1627 pacto
431 1549 568 1627 patientia
592 1554 637 1609 est
659 1545 736 1608 lideli

231 1648 349 1710 coluter
371 1667 403 1710 sc
426 1653 595 1712 coeuntium
618 1648 755 1711 duorum.

188 1828 251 1892 12⁶.
316 1835 365 1885 nn
384 1835 565 1889 cassanum
583 1836 633 1887 nn
652 1835 925 1886 courvnnrroun
943 1835 1105 1889 nosrrcr.

266 1954 435 2035 Respexere
457 1956 504 2019 dei
525 1963 571 2026 te,
594 1954 707 2024 Cesar:
730 1955 788 2016 lroc
811 1955 890 2017 unde
912 1963 1065 2036 putemus,

246 2082 249 2091 ¹
351 2058 435 2122 llaud
457 2057 590 2138 exempla
613 2059 673 2127 rei,
688 2075 746 2126 ,res
768 2057 837 2118 lacit
858 2058 920 2137 ipsa
942 2058 1046 2120 iidem:

266 2159 338 2222 Cum
361 2159 450 2223 Gallis
473 2161 601 2223 Venetus
622 2159 808 2221 discordibus
831 2159 918 2220 irruit
939 2162 1043 2231 armis,

240 2283 253 2322 c
352 2263 392 2324 Se
407 2271 499 2325 novat
521 2263 609 2343 inque
631 2269 696 2323 tuas
717 2260 827 2322 bellum
849 2262 973 2323 iteratur
995 2280 1082 2343 opes:

265 2364 384 2426 Proiicit
405 2364 549 2445 ampullas
572 2363 675 2426 Veneti
696 2365 787 2426 maris
809 2363 903 2436 unda,
925 2366 1062 2428 tumescit

348 2469 467 2547 lamque
489 2487 543 2530 suo
566 2468 659 2529 maior
680 2466 791 2528 robore
813 2466 1044 2547 llarcusadest

265 2568 361 2633 Credo
384 2570 520 2651 equidem
543 2569 649 2631 solium
671 2568 747 2629 lovis
768 2566 850 2630 illum
873 2575 904 2630 et
925 2570 1029 2650 sydera
1053 2569 1130 2633 iaetu

238 2692 251 2733 s
349 2673 485 2744 Poscere,
509 2692 565 2734 nec
587 2671 689 2733 mundi
711 2689 803 2750 regna
826 2677 930 2750 putare
951 2671 1030 2734 satis.

263 2774 472 2836 Luxuriantem
495 2776 623 2836 animum
646 2791 818 2852 compesce,
841 2771 962 2834 libidine
986 2776 1095 2847 riucta,
1208 2812 1212 2819 -

346 2878 441 2956 Atque
464 2878 553 2939 animi
574 2885 673 2937 votum
696 2874 855 2946 contraire,
878 2875 993 2946 llarce,
1016 2878 1074 2939 tui:

262 2980 528 3058 Quantumcunque
551 2978 630 3040 bono
653 2978 771 3040 ueniant
792 2984 841 3037 tua
866 2975 988 3038 carbasa
1010 2987 1113 3051 vento,

225 3101 249 3142 u
348 3081 422 3144 Siste
446 3087 559 3152 tamen,
582 3070 740 3160 properam
764 3097 853 3141 cursu
875 3079 1034 3160 inhibequc
1053 3087 1166 3150 ratem:

261 3183 422 3245 Successus
445 3200 552 3261 urgere
575 3191 657 3252 tuos,
680 3183 766 3243 nimis
788 3180 845 3243 alta
868 3182 995 3260 petendo

346 3286 422 3346 Eniti
445 3304 533 3365 quarn
555 3287 593 3346 sit
614 3302 663 3347 res
684 3282 841 3345 metuenda
865 3283 945 3344 vido!

261 3388 309 3448 Sic
331 3386 412 3449 illum
437 3390 487 3467 qui
510 3406 573 3450 rem
597 3385 700 3447 melius
722 3403 831 3447 novere
853 3386 1027 3457 monebant,

222 3509 247 3549 rc
346 3489 383 3551 Et
404 3488 527 3550 meliore
549 3487 621 3550 lide:
645 3487 772 3567 perfurit
793 3487 841 3548 illc
863 3495 969 3548 tamen.

259 3591 428 3671 Respexere
451 3591 498 3653 dei
521 3599 566 3661 te,
590 3590 702 3658 Cesar,
726 3589 762 3651 ad
785 3587 884 3650 ultima
908 3596 1025 3652 rentum
1049 3598 1109 3661 est:

343 3693 478 3755 Oderunt
499 3694 650 3755 hominum
673 3698 777 3754 cuncta
801 3691 928 3772 superba
951 3692 1013 3763 dei;

258 3796 319 3858 Nec
343 3796 458 3868 dubita,
482 3803 601 3876 pactum
623 3793 681 3855 hoc
704 3793 849 3856 discordia
872 3801 979 3875 quanta
1002 3805 1158 3875 sequatur,

220 3918 246 3959 eo
345 3898 434 3959 Cuius
456 3897 542 3977 plena
565 3898 646 3958 rides
668 3899 765 3958 omnia
787 3897 934 3976 perfidiae:

259 4001 339 4063 Unus
361 4002 392 4060 in
415 3999 498 4060 hoste
521 3997 605 4059 labor
627 4000 741 4067 iuncto,
767 4000 885 4060 victoria
908 3999 1031 4078 duplex:

342 4102 378 4162 Et
399 4100 476 4163 bene
499 4101 656 4163 credemus
678 4118 738 4161 non
761 4101 911 4169 tibi,rellc
933 4101 1023 4163 deos?

175 4283 238 4347 127.
346 4291 396 4341 nn
416 4290 527 4340 nunni
546 4287 755 4350 ovunrrnru
773 4288 823 4338 nn
842 4286 1047 4338 capuanos,

255 4409 349 4481 Quam
373 4411 448 4489 sapit
469 4407 519 4470 ille
541 4409 622 4487 gravi
644 4408 694 4487 qui
716 4415 864 4487 temperat
885 4406 956 4469 utile
978 4406 1120 4478 lindesie,

340 4511 400 4572 Nec
422 4519 535 4573 temere
557 4509 644 4572 ullius
666 4511 761 4572 icrtur
783 4527 884 4570 amore
906 4508 986 4570 boni.

121 4715 178 4768 125.
209 4719 268 4769 Hoc
279 4721 361 4782 epipr.
374 4732 420 4766 om.
436 4719 462 4766 3.
509 4713 520 4747 ⁸
538 4714 593 4765 Hic
606 4730 712 4780 quoque
726 4714 784 4764 Leo
797 4714 929 4775 Venetus,
948 4729 1002 4764 non
1014 4715 1145 4765 Decimus
1157 4713 1342 4780 significatur.

122 4801 178 4852 lto.
207 4801 330 4853 ’sidera
349 4804 420 4852 t...⁴.
622 4796 1116 4866 127.¹cr.110r.art.poat.v.343.

109 4888 238 4941 Hvrrnur
258 4887 326 4939 Orr.
351 4903 414 4939 ror..
433 4886 482 4937 111.
1082 4887 1120 4947 17
