3294 5408
356 412 479 447 RVTTENI
492 412 522 447 nt
535 412 731 447 ΕΧΟΕΡΤΙΟΝΕΙ
744 411 930 447 ΙΟΩΥΝΊῚΠΔΙ
942 410 1064 446 sussum
1078 409 1283 447 sennonteus,

373 566 431 626 Pro
454 584 541 626 cansa
564 565 672 635 doluit;
695 566 800 646 quodsi
823 567 972 627 miseratio
994 564 1121 627 heberet

373 667 434 728 Hac
455 669 486 727 iu
508 667 612 730 fronde
635 666 747 736 locunt,
772 669 865 746 potuit
887 666 934 729 vei
956 665 1060 728 tollere
1081 684 1200 745 pinnam

373 767 424 830 Vei
446 767 539 830 tenue
562 769 660 829 modo.
696 769 762 838 Dic,
786 788 867 830 nuuc
889 787 943 830 cur
967 769 1022 829 ists
1045 785 1167 830 recuses

372 871 443 930 Tem
466 871 572 931 merito
595 878 732 950 praestota
754 869 825 930 tibi?
848 889 901 930 cur
923 869 1065 949 plaudere
1086 868 1204 948 vulgum

308 990 359 1032 roos
374 971 411 1032 Et
433 970 560 1033 ciamare
584 978 676 1040 vetes,
700 971 817 1033 iaetosve
839 973 950 1032 interro
972 971 1156 1049 triumphos?

373 1075 430 1133 dut
451 1091 529 1150 sepe
552 1074 607 1133 ista
630 1074 723 1146 ieras,
746 1080 796 1133 aut
818 1074 857 1133 sis
880 1092 940 1133 non
962 1072 1027 1133 telis
1049 1079 1181 1151 oportet:

374 1175 420 1235 Sis
442 1184 540 1235 tamen
563 1182 592 1234 et
613 1193 692 1253 saepe
714 1177 768 1235 ista
791 1176 884 1235 ieras:
908 1174 962 1235 tibi
984 1175 1113 1235 carmine
1136 1182 1289 1254 promont,

372 1277 415 1338 Te
438 1275 513 1337 festo
536 1275 666 1337 clamore
689 1283 792 1337 notent
813 1274 1001 1354 populusque
1024 1282 1196 1359 pstresque:

374 1377 430 1449 Qui
452 1379 575 1447 meruit,
599 1377 696 1438 honus
718 1385 776 1446 est,
801 1395 859 1438 non
883 1378 933 1456 qui
955 1377 1101 1438 detrectat
1121 1377 1276 1440 honorem.

309 1497 358 1541 roro
369 1479 414 1540 Tu
437 1497 555 1559 qnoque
578 1481 708 1540 nativum
730 1477 839 1539 blando
862 1479 1018 1540 moderare
1040 1481 1172 1557 rigorem
1357 1478 1464 1558 fflffl·

373 1581 482 1651 Adstu,
507 1599 663 1660 moresque
686 1588 752 1642 tuos
775 1600 810 1642 ex
833 1589 967 1659 tempore
989 1578 1068 1641 dulci

374 1682 532 1762 Temporis
555 1684 675 1743 misces:
699 1682 916 1753 bissianum,
939 1689 969 1743 ut
993 1681 1129 1749 amabilis
1151 1701 1247 1753 esses,

374 1784 470 1864 thue
493 1786 549 1845 tuis
572 1784 689 1846 chorus.
713 1783 756 1846 Ne
779 1783 1029 1846 circunstantibus
1050 1785 1140 1844 srmis
1261 1782 1465 1872 {Qfflugssjffl

348 1885 548 1947 ,Excubiisre
571 1885 692 1956 ducem,
717 1887 808 1955 cives,
833 1885 982 1947 defendite
1005 1891 1149 1946 vestrum:
1244 1920 1251 1925 -

312 2005 362 2046 ruo
376 1986 440 2049 Hoc
462 1986 568 2049 melius
590 1987 741 2067 priestobit
762 2005 862 2048 amor:
886 1989 951 2067 quis
973 1986 1108 2049 tenderet
1128 1987 1176 2048 isti

375 2088 497 2150 Insidias
519 2091 635 2150 animo?
657 2097 708 2151 snt
730 2109 795 2169 quse
817 2108 877 2150 non
900 2090 957 2150 iam
980 2090 1114 2166 ingresso
1136 2088 1249 2150 rediret

374 2190 468 2252 Fraus
490 2190 626 2271 perculsa
649 2193 747 2254 retro?
770 2209 856 2253 nemo
879 2191 995 2270 estqui
1017 2199 1047 2251 te
1069 2190 1181 2261 oderit,
1205 2209 1324 2262 omnes,

375 2291 411 2352 Hi
433 2310 552 2371 qnoque
573 2293 640 2372 quis
661 2295 759 2372 gravis
781 2291 830 2354 ida
851 2298 947 2371 potest
969 2292 1089 2352 fortuna
1111 2292 1217 2363 inisse,

374 2393 484 2455 Natura
506 2395 649 2456 suadente
671 2395 780 2464 colunt
803 2402 833 2456 et
855 2397 879 2457 si
901 2397 963 2473 ipse
985 2395 1135 2473 requiras,

312 2513 363 2554 uso
377 2495 461 2557 Unde
483 2513 555 2556 suus
577 2498 614 2558 sit
636 2499 741 2576 cuique
765 2496 861 2568 favor,
885 2504 945 2557 tom
968 2502 999 2557 tu
1021 2497 1084 2575 ipse
1107 2497 1228 2568 fereris,

376 2597 470 2669 Quem
493 2598 586 2660 virtus
609 2607 674 2668 tua,
698 2616 785 2659 cansa
808 2599 866 2667 rei;
891 2605 939 2658 tuo
962 2599 1054 2677 gratia
1077 2598 1151 2659 sines

375 2698 532 2778 Experiatu
553 2717 624 2760 suos
646 2708 776 2762 extrema
800 2718 854 2779 per
876 2700 973 2760 omnia
995 2701 1083 2760 venit

375 2800 450 2862 Huic
472 2800 599 2881 aliquem
621 2809 738 2881 poterat
760 2820 819 2862 non
842 2802 1021 2880 omninoque
1043 2799 1214 2879 pudendum

376 2902 532 2965 Suiiecisse
554 2901 620 2964 loco
642 2903 779 2972 Rhenus,
804 2909 875 2982 quot
897 2901 1068 2962 obambulet
1090 2902 1195 2971 urbes,

316 3023 364 3065 uss
380 3004 458 3076 Quot
479 3004 620 3084 populos,
645 3013 727 3067 etse
752 3005 843 3064 ricino
867 3011 987 3080 agente
1010 3004 1104 3064 tuerit

377 3105 464 3167 Venit
485 3106 522 3168 ab
546 3115 678 3168 extremo
701 3107 751 3186 qni
775 3113 881 3167 cetera
904 3107 1033 3167 vinceret
1055 3104 1120 3166 Albi

376 3209 521 3286 Spectstre
544 3209 657 3269 virtutis
679 3208 790 3275 honor:
814 3208 952 3287 suffragia
975 3206 1060 3268 solvit

375 3309 526 3388 Ambiguis
549 3315 597 3371 tue
621 3310 696 3371 ieme
720 3311 804 3381 viris,
828 3309 905 3370 inmo
927 3308 976 3369 ina
998 3314 1117 3370 tuorum

376 3411 490 3474 Nuncis
512 3430 601 3492 perce
625 3431 766 3491 operum,
790 3430 878 3490 quam
901 3419 932 3473 tu
955 3409 1065 3472 nraiora
1089 3409 1212 3472 terendo

314 3530 367 3573 noo
382 3512 519 3575 Ostendis
547 3531 606 3573 non
629 3533 695 3576 esse
717 3532 820 3594 parem
844 3512 998 3575 virtutibus
1020 3514 1091 3573 istis.

377 3613 430 3675 Cui
451 3632 510 3675 non
534 3613 610 3676 ieme
632 3617 736 3693 ingens
759 3614 977 3693 multorumque
1000 3631 1052 3675 ora
1075 3613 1209 3676 tuterunt
1259 3691 1263 3698 ι

376 3716 504 3795 Dignum
525 3715 633 3796 aliquid
655 3719 782 3787 meritis,
805 3717 875 3778 huic
897 3735 952 3777 nos
973 3716 1085 3796 equale
1108 3717 1255 3779 feremus?

377 3816 453 3879 note
475 3836 582 3896 gravor
605 3837 765 3899 rerumque
787 3820 963 3880 immensum
986 3818 1125 3898 penditur
1146 3836 1264 3897 sequor:

376 3919 500 3980 Centum
523 3920 603 3981 inte
626 3919 732 4000 linguis
754 3928 938 4000 centenoque
961 3938 1013 3981 ore
1035 3921 1216 3991 sonandum,

313 4041 362 4082 uos
376 4022 524 4084 Utendum
546 4021 658 4084 Phoebo
681 4039 807 4102 qusque
830 4028 939 4100 augent
960 4023 1057 4081 omnio
1080 4021 1187 4090 Musis,

376 4123 597 4202 immensasque
619 4125 697 4185 soret
717 4125 794 4184 vires
816 4142 992 4185 consumere
1014 4122 1145 4200 dignum.

377 4225 462 4287 Nunc
483 4225 553 4287 satis
575 4232 618 4286 est
640 4223 751 4286 celebri
774 4227 938 4286 venientem
962 4224 1102 4286 inducere
1125 4223 1229 4304 plausu

244 4496 287 4530 ¹¹⁰
304 4491 407 4563 potuit]
426 4498 444 4547 i.
458 4512 483 4548 e.
498 4512 532 4547 es
551 4496 652 4547 fuisset
670 4495 754 4546 enimi
773 4495 935 4559 elementis,
954 4499 985 4545 ut
1003 4494 1116 4546 tolleret
1132 4509 1244 4562 poenum
1259 4496 1311 4547 siue
1329 4497 1353 4547 si
1366 4512 1416 4564 por
1427 4495 1467 4548 in-

174 4582 281 4633 stitism
311 4581 451 4642 licuisset,
484 4587 533 4632 sut
561 4597 615 4632 non
646 4586 694 4631 sut
723 4579 812 4631 levius
842 4595 922 4645 quam
954 4580 1057 4629 factem
1089 4583 1143 4636 est,
1173 4580 1295 4631 ludaeum
1321 4583 1467 4647 puniisset.

175 4664 219 4700 ¹¹¹⁸
243 4666 487 4718 circumstantibus
506 4670 562 4716 2.6.
616 4663 659 4697 ¹²⁷⁶
682 4666 700 4714 i.
715 4681 738 4715 e.
757 4681 817 4730 quse
836 4667 891 4715 ism
911 4666 1037 4729 ingresse
1056 4679 1109 4713 non
1128 4663 1239 4714 rediret.
1293 4664 1336 4698 ¹2⁸²
1353 4667 1468 4733 Experti·

175 4756 225 4807 utu
243 4755 267 4803 d.
338 4749 382 4783 ¹²⁸³
400 4747 486 4815 suffr]
501 4751 538 4800 cf.
553 4750 588 4799 ud
606 4765 632 4800 v.
648 4747 704 4799 139.
760 4749 803 4782 ¹²⁸⁹
822 4751 959 4800 Nuntiat
1012 4745 1054 4780 ¹²⁹¹
1074 4752 1230 4815 centenorffi
1248 4754 1273 4802 5.
