3294 5408
272 387 345 458 340
511 417 634 453 avum!
647 416 814 454 ΕΒΙΙΔΙΙΑΙ
827 417 944 452 lollii!
956 416 1157 452 Dmflsslssss
1170 416 1335 456 motum·

422 590 459 631 iss
474 574 604 651 Quaeque
625 572 675 633 diu
699 591 786 633 nemo
809 573 949 650 perituris
970 570 1102 631 scribere
1125 571 1236 632 chartis

472 675 576 736 Posset
596 680 626 735 et
647 675 676 733 in
700 673 806 734 mattas
828 675 868 735 ita
890 674 999 750 passim
1022 691 1164 751 spargere
1187 682 1308 752 gentes,

470 777 529 838 Per
549 793 604 836 nos
626 792 684 836 una
707 776 770 837 dies
792 778 822 836 in
845 773 925 836 mitte
949 774 1094 835 nutrimina
1116 776 1249 852 protect:

470 877 555 950 Quod
578 884 692 938 tantum
715 884 774 946 est,
798 884 831 938 ut
852 878 877 936 si
900 884 1023 937 cunctas
1045 876 1240 955 perpenderis
1262 885 1369 956 artes,

470 977 541 1040 itala
563 996 637 1057 quas
659 980 738 1039 acies
760 978 913 1057 Latiumqe
936 986 1058 1041 exercet
1080 995 1221 1046 acumen.

420 1101 457 1141 rio
470 1080 604 1141 Invenias
625 1081 739 1141 omneis
760 1079 816 1139 bac
839 1079 961 1140 utilitate
983 1082 1129 1141 minores:

469 1183 555 1244 Nunc
576 1182 731 1259 quisquam
754 1182 927 1241 innumeros
948 1173 1036 1242 etiam
1059 1181 1096 1242 da
1119 1198 1250 1261 paupere
1274 1182 1368 1244 turbe

468 1283 582 1360 Exiguo
604 1291 690 1361 parat
710 1300 770 1344 ecre
792 1282 899 1353 libros,
923 1291 952 1343 et
974 1301 1099 1345 munere
1121 1292 1223 1351 nostro

467 1385 664 1464 Consequitur
686 1384 777 1446 decus
798 1386 908 1462 ingenii
930 1402 1082 1464 parvoque
1103 1382 1204 1445 labore

468 1486 574 1548 Omnia
597 1485 642 1547 vel
664 1504 717 1564 per
739 1504 788 1554 se.
812 1504 880 1564 quac
900 1484 989 1563 longo
1012 1485 1179 1547 addisceret
1201 1504 1256 1548 usu
1312 1502 1318 1513 ·

419 1609 456 1649 ns
471 1588 507 1648 Et
529 1586 605 1664 vigili
627 1606 699 1648 cura
721 1604 885 1664 somnoque
908 1587 1079 1649 carentibus
1102 1588 1196 1658 boris,

468 1688 601 1757 tmbibit;
624 1689 681 1750 boc
704 1696 816 1749 tantum
839 1696 897 1758 est,
921 1698 954 1749 ut
975 1688 1054 1768 quod
1079 1705 1159 1749 uiroc
1180 1690 1278 1750 omnia
1302 1688 1405 1768 plenis

467 1791 542 1851 Sunt
563 1799 703 1868 congesta
726 1789 826 1859 libris,
850 1798 884 1850 ut
905 1792 984 1870 quod
1007 1808 1088 1851 nunc
1109 1791 1216 1868 oppida
1240 1790 1347 1853 doctos

468 1891 577 1952 Cuncta
601 1893 679 1952 viros
701 1892 851 1961 referunt,
875 1892 954 1969 quod
977 1891 1056 1953 nulia
1078 1892 1116 1952 ita
1138 1891 1266 1954 barbara
1289 1891 1399 1964 tellus,

466 1994 542 2066 Quin
565 1995 695 2055 antimum
718 1993 796 2054 colat
817 2002 847 2054 et
868 1994 1014 2056 secundis
1035 1993 1150 2055 artibus
1172 2004 1269 2068 ornet,

416 2117 452 2156 rso
467 2095 544 2157 Solis
564 2095 669 2158 deberi
691 2095 778 2157 nobis
800 2113 888 2156 nemo
910 2105 999 2174 neget
1020 2113 1159 2174 usquam:

466 2198 537 2259 Esse
560 2199 651 2260 rudes
673 2199 762 2275 igitur
784 2199 939 2276 quisquam
963 2214 1018 2258 nos
1040 2197 1119 2258 dicat
1140 2204 1171 2258 et
1191 2199 1276 2259 istam

466 2300 601 2377 Segniter
623 2307 737 2361 aetatem
760 2299 829 2359 duci
852 2298 896 2359 rei
918 2301 949 2361 in
972 2299 1035 2358 ocia
1058 2298 1172 2377 lapsos,

465 2401 540 2462 Dum
563 2403 640 2461 sinat
661 2401 738 2462 banc
759 2400 861 2470 nobis,
886 2400 937 2462 ubi
959 2401 1103 2461 ademerit
1125 2401 1238 2470 omnis,
1262 2400 1395 2464 taudem.

861 2538 955 2581 rmus.

463 2711 584 2785 Quaeque
606 2711 652 2768 diu
674 2728 755 2769 nemo
778 2712 908 2785 perituris
930 2711 1012 2766 edere
1033 2712 1136 2768 obortis

462 2797 560 2853 Posset
581 2806 609 2857 ct
628 2797 657 2854 in
680 2796 780 2852 multus
803 2798 838 2851 ita
862 2798 963 2869 passini
986 2798 1107 2852 emittere
1128 2805 1237 2870 gentes.

414 2899 451 2938 inii
465 2882 517 2937 Per
539 2899 590 2937 nos
613 2899 666 2937 una
689 2881 747 2938 dies
771 2881 796 2935 in
822 2880 894 2938 mitte
917 2879 1054 2936 volumina
1077 2882 1199 2955 profert:

463 2968 525 3022 Hoc
547 2974 650 3023 tantum
674 2973 729 3028 est,
752 2966 828 3038 quod
848 2965 871 3020 si
894 2974 1004 3021 cunctos
1024 2969 1186 3038 pensaueris
1207 2975 1294 3030 artes,

462 3051 527 3107 itala
551 3069 620 3126 quas
643 3053 714 3108 acies
737 3050 898 3124 Latiumque
921 3052 1022 3105 invenit
1042 3067 1167 3113 acernen,

461 3138 607 3194 Decernca
628 3151 721 3192 omnes
743 3136 794 3193 bac
815 3135 932 3191 utilitate
956 3137 1089 3192 minores:

461 3222 537 3278 Nunc
560 3222 702 3297 quisquam
726 3222 884 3277 innumeros
907 3220 987 3276 ctiam
1010 3221 1042 3277 de
1065 3237 1184 3296 paupere
1209 3219 1287 3277 turba

410 3323 448 3363 ios
462 3306 565 3380 Exiguo
588 3315 666 3381 parnt
687 3323 740 3362 mre
763 3305 862 3369 libros,
886 3313 914 3362 et
936 3321 1048 3362 munero
1070 3315 1167 3362 nostro

460 3392 644 3467 Consequitur
665 3391 747 3447 decus
771 3391 871 3464 ingenii
894 3408 1033 3465 parvoque
1055 3391 1148 3449 labore

460 3477 553 3533 Ornnia
576 3474 616 3532 vol
639 3493 689 3550 per
710 3493 740 3532 sc
762 3476 834 3550 (quae
858 3475 941 3548 longo
964 3475 1117 3532 addisceret
1138 3494 1190 3532 usu

460 3561 492 3617 Et
514 3560 589 3635 vigili
612 3578 676 3617 cura
699 3577 850 3636 somnoque
873 3560 1029 3617 carentibus
1053 3560 1139 3634 boris)

460 3645 580 3709 imbibit:
604 3648 656 3702 boc
679 3653 782 3702 tanturn
805 3653 861 3709 est,
885 3652 916 3701 ut
939 3645 1011 3720 quod
1034 3662 1105 3703 nune
1128 3647 1217 3702 omnia
1239 3644 1329 3721 plenis

410 3747 446 3787 ini
460 3731 520 3787 Sint
540 3738 671 3804 corigesta
693 3730 780 3796 tibris,
803 3737 834 3786 ut
856 3730 929 3804 quod
953 3748 1024 3787 nunc
1046 3732 1144 3805 oppida
1167 3731 1264 3788 doctos

458 3819 558 3873 Cuncta
582 3815 812 3884 uicensimam,
836 3814 908 3890 quod
931 3815 1005 3872 inulla
1028 3816 1064 3872 ita
1087 3815 1200 3874 barbara
1224 3815 1305 3872 telius

458 3899 562 3974 Quique
583 3901 700 3957 animum
723 3899 796 3958 colat
817 3910 845 3956 et
866 3901 994 3956 secundis
1016 3900 1121 3958 artibus
1144 3909 1236 3964 ornet.

460 3986 556 4043 Onniia
578 3986 669 4042 deberi
693 3986 772 4042 nobis
795 4002 874 4041 nemo
897 3994 983 4060 negot
1005 4003 1132 4062 usquam:

459 4071 522 4126 Esse
544 4072 625 4127 rudos
649 4071 734 4144 igitur
756 4071 900 4145 quisquam
923 4087 975 4127 nos
996 4071 1068 4127 dicat
1091 4079 1119 4128 et
1141 4072 1219 4127 istam

409 4157 588 4228 insegniter
609 4164 716 4214 {etatem
740 4156 800 4212 duci
824 4154 865 4211 vel
890 4157 916 4211 in
940 4157 998 4213 ocia
1020 4156 1127 4230 lapsos.

415 4317 418 4322 θ
456 4242 522 4297 itum
545 4234 615 4297 sinat
638 4243 705 4300 banc
728 4240 808 4297 uobis
831 4240 888 4314 (ubi
911 4241 1061 4314 dempserit
1081 4238 1181 4319 omnia)
1204 4239 1318 4296 laudem.

855 4375 948 4418 mula.

253 4441 452 4454 ...n-n*

322 4508 354 4541 ¹⁶⁵
372 4511 408 4560 cf.
424 4511 510 4560 Iiioen.
524 4513 576 4559 sat.
591 4509 613 4559 1.
632 4508 668 4559 18.
725 4506 757 4541 ¹⁸⁸
776 4505 865 4572 Quod]
885 4508 1018 4558 inuenirim.
1072 4506 1105 4541 ¹²⁶
1124 4505 1189 4573 boc]
1208 4509 1339 4560 inuentum.

1145 4592 1563 4608 m

321 4625 352 4659 ἢ*
374 4631 513 4694 periturus
534 4634 557 4679 1.
626 4628 659 4662 ¹⁴²
683 4626 766 4694 Quin]
792 4630 877 4694 Quiq3
896 4632 919 4678 1.
950 4631 998 4679 sed
1019 4631 1149 4693 tegendum
1172 4645 1228 4679 esce
1247 4628 1320 4690 Quin
1344 4631 1393 4678 iam
1417 4638 1469 4681 oet.
1489 4651 1559 4685 nnn.

252 4717 368 4776 exempto
385 4731 440 4764 meo
458 4717 544 4787 odiar.
599 4712 631 4746 ¹⁴³
651 4715 796 4765 ‘Vediantii
813 4718 899 4779 neget
917 4715 994 4778 ieqit'.
1012 4719 1061 4762 oei.
1074 4730 1105 4764 m.

700 4844 1100 4864 *—
