3294 5408
181 372 253 448 128
281 386 742 451 nrrrssrsoen's.rux1u1susvu
753 406 787 442 rr
798 405 910 442 sssnru
920 406 949 442 nr
959 405 1085 443 vssrros
1095 392 1375 451 roossominosrsro

379 561 436 622 Sed
459 580 546 640 quern
569 568 656 640 turpe
678 561 775 623 scelus
797 563 901 623 nativis
924 560 1036 641 expulit
1058 565 1134 627 oris.

342 686 366 723 os
463 665 499 725 Ut
521 663 625 742 procul
647 681 663 722 a
687 665 773 725 terris
796 664 848 724 bas
870 663 1015 725 habitaret
1037 683 1142 743 aquas.

378 767 449 825 Cum
472 764 578 844 quibus
600 765 736 827 exulibus
757 765 830 826 nibil
852 768 948 827 acrior
971 766 1069 829 addita
1089 769 1198 834 virtus.

463 865 626 947 Quodquod
649 869 678 927 in
701 870 845 928 immenso
867 869 996 929 dedecus
1018 867 1092 931 erbe
1114 870 1177 931 tuit.

378 969 476 1030 Prima
497 970 568 1030 viris
589 977 708 1030 tenuent
731 973 846 1049 piscatu
868 989 1002 1049 (quaerere
1025 973 1131 1032 vietum

341 1091 366 1131 sa
461 1072 516 1130 Ars
538 1079 602 1131 erat
624 1070 652 1133 et
675 1089 781 1150 magno
804 1089 893 1152 parva
915 1071 1018 1134 labore
1040 1074 1140 1152 sequi:

378 1172 476 1233 Crevit
498 1190 590 1251 opus,
614 1175 705 1234 crevit
727 1174 844 1234 lortuna
866 1174 1001 1252 adigente
1023 1182 1171 1254 potestas:

463 1274 500 1334 Et
522 1275 619 1353 primo
641 1275 756 1336 lucrum
779 1278 883 1338 iustius
905 1275 977 1336 illud
1000 1284 1072 1338 erat.

377 1376 447 1436 Post
470 1374 519 1436 ubi
541 1395 573 1436 se
595 1384 699 1437 manus
721 1377 784 1437 baec
806 1378 911 1457 opibus
932 1378 1058 1439 lirmarit
1079 1377 1240 1458 ademptis,

325 1489 365 1537 'oe
460 1476 602 1538 Paulatim
624 1497 745 1540 accessu
768 1487 811 1539 est
835 1480 908 1540 lacta
931 1479 1058 1557 superba
1082 1498 1176 1540 novo:

378 1579 458 1649 lluc,
482 1579 588 1659 quibos
610 1582 729 1642 innocui
751 1580 835 1641 lucro
858 1582 911 1642 luit
932 1600 983 1642 ara
1005 1584 1135 1654 cruoris,

462 1682 497 1741 Et
519 1682 625 1759 quibus
647 1683 683 1743 ad
707 1684 816 1744 caedem
838 1691 974 1762 prompta
997 1702 1168 1764 nocensque
1191 1703 1309 1754 manns,

377 1785 543 1853 decedunt,
566 1786 719 1863 patriaque
741 1804 792 1846 sua
816 1788 927 1863 privata
949 1787 1083 1847 iuventus

326 1906 363 1947 roo
457 1889 515 1947 Aut
536 1884 633 1964 aliquo
655 1886 757 1947 saltem
779 1885 877 1947 nubila
903 1887 976 1947 lacta
999 1887 1102 1958 modo,

379 1988 415 2048 Et
437 1988 545 2067 quibus
566 1998 713 2049 auxerunt
734 1990 847 2049 tenneis
869 1991 998 2068 periuria
1021 2008 1142 2060 census,
1213 1988 1215 1993 ’

461 2091 496 2150 Et
519 2089 626 2169 quibus
648 2090 711 2151 boo
733 2092 844 2151 novitas
867 2109 1009 2170 spemque
1032 2094 1203 2171 animosque
1225 2092 1318 2159 dedit.

377 2194 515 2271 Ocresque
538 2192 677 2270 frequens
699 2191 835 2253 cumulus
856 2192 942 2254 alieni
964 2193 1093 2272 propulit
1115 2195 1196 2264 aeris,

328 2313 365 2354 uu
460 2294 496 2353 Et
518 2294 609 2371 siquis
632 2295 741 2372 patrias
763 2294 949 2373 dilapidasset
971 2313 1058 2375 opes,

379 2396 416 2456 Et
437 2395 542 2474 cupide
565 2398 687 2475 repetita
710 2396 816 2475 quibus
840 2396 894 2457 luit
915 2397 976 2458 alea
1000 2398 1107 2458 damno

460 2486 643 2576 Co‘nsciaque
664 2500 695 2558 in
718 2499 840 2577 quodvis
862 2480 945 2559 niens
967 2498 1023 2559 sibi
1046 2500 1121 2560 taeta
1144 2499 1243 2560 netas:

378 2600 413 2661 lli
436 2601 527 2661 iuncti
549 2600 667 2661 Venetis
689 2599 740 2660 nbi
762 2600 958 2679 piscatoribus
980 2608 1092 2671 essent,

325 2723 364 2763 roo
459 2701 587 2764 Erexere
610 2720 700 2762 novos
721 2720 803 2763 arma
826 2704 936 2781 virique
958 2703 1063 2764 duces:

376 2894 464 2950 Crevit
486 2911 569 2969 opus.
592 2893 676 2950 erevit
698 2893 807 2949 fortuna
829 2893 954 2967 adigente
975 2901 1111 2968 potestas,
1170 2932 1172 2936 a

459 2979 492 3035 Et
514 2978 602 3053 prime
624 2976 728 3034 lucrum
752 2978 849 3034 iustius
871 2977 938 3034 illud
961 2986 1027 3034 erat.

374 3064 454 3127 Post,
476 3064 524 3120 ubi
547 3080 576 3119 se
598 3079 693 3119 manus
715 3063 773 3119 banc
796 3062 894 3137 opibus
916 3063 1031 3119 tirnravit
1052 3063 1199 3138 ademptis,

335 3166 361 3207 oo
456 3149 587 3206 Paulatim
611 3165 719 3205 accessu
742 3157 784 3204 est
805 3148 875 3204 iacta
897 3149 1014 3223 superba
1036 3165 1121 3205 novo:

354 3235 443 3297 ·llue,
467 3234 565 3308 quibus
588 3233 696 3289 innocui
718 3233 795 3289 luero
819 3233 870 3289 luit
892 3251 938 3290 ara
959 3233 1082 3296 cruoris,

459 3318 490 3374 lit
513 3318 612 3394 quibus
635 3318 668 3374 ad
688 3318 788 3376 eaedem
809 3327 936 3393 prompta
957 3336 1113 3392 nocensque
1135 3336 1245 3382 manos,

372 3405 404 3461 Et
425 3422 542 3477 querum
563 3410 645 3459 aucto
667 3404 714 3460 diu
733 3419 788 3459 suo
803 3419 860 3475 per
878 3404 998 3478 periuria
1019 3419 1066 3459 res
1087 3410 1141 3467 est,

336 3506 361 3546 ro
454 3489 487 3546 Et
510 3489 608 3564 quibus
630 3488 688 3545 haee
709 3488 814 3545 novitas
836 3505 966 3564 spemque
987 3489 1159 3563 animumque
1181 3489 1268 3550 dedit.

373 3575 524 3636 Accedunt,
548 3574 690 3649 patriaque
712 3592 761 3630 sua
782 3573 887 3648 priuata
908 3575 1033 3630 iuventus

455 3663 509 3715 Arrt
532 3659 624 3732 aliquo
645 3658 740 3715 saltem
762 3658 854 3715 nubila
876 3659 944 3716 laeta
967 3659 1061 3720 modo,

372 3744 501 3819 Quosque
523 3746 651 3818 frequens
673 3743 797 3799 cumulus
819 3742 900 3799 alieni
919 3750 1066 3815 presserat
1086 3744 1166 3806 aeris,
1191 3771 1196 3781 ·

334 3846 359 3886 tt
456 3830 565 3904 Resque
582 3830 641 3902 suit
657 3832 726 3885 lnam
747 3829 898 3900 dilapidato
920 3831 1007 3896 oncle,

373 3915 446 3983 (loros
465 3915 533 3986 fecit
550 3921 642 3970 tenues
664 3915 785 3986 insoluto
807 3922 911 3969 tessere
929 3917 1004 3969 iaetu

455 4000 621 4074 Consciaque
644 4000 671 4055 in
694 3998 808 4072 quodvis
830 4014 906 4053 mens
929 3999 980 4054 sibi
1003 3999 1073 4054 laeta
1096 3998 1187 4054 nelas:

371 4085 402 4141 lli
425 4085 509 4141 iuneti
531 4085 640 4144 Venetis
663 4084 710 4141 ubi
732 4083 914 4158 piscatoribus
936 4091 1028 4140 essent

331 4185 357 4226 se
453 4170 544 4243 (Vero
564 4186 635 4226 cono
654 4176 757 4226 veteres
777 4177 841 4225 noto
855 4184 912 4241 per
933 4169 1090 4245 historias),

168 4290 356 4299 --.—--..-

234 4338 256 4372 ⁸²
273 4336 374 4404 scelus]
401 4335 539 4389 Gottbiese
557 4335 748 4400 Hunnieaequo
772 4335 943 4400 inruptiones
959 4333 1166 4399 Aquileienses,
1190 4333 1362 4397 Pretorium,

168 4424 423 4474 circumiacentium
441 4421 600 4487 oppidorum
613 4419 720 4471 incolas
738 4424 769 4469 ut
787 4421 816 4469 in
835 4418 1014 4485 ‘lagenarum‘
1033 4416 1129 4468 insulis
1141 4417 1237 4468 domus
1250 4419 1307 4469 sibi
1320 4420 1375 4470 iser

168 4509 356 4575 conpulemnt.
408 4505 430 4539 '⁹
448 4505 545 4557 exsilio
562 4488 660 4571 puniti.
710 4504 741 4537 ¹⁰⁰
758 4503 855 4554 nubilo
873 4500 960 4568 facto]
980 4501 1145 4563 calamitosi,
1163 4505 1267 4553 tristes.
1300 4504 1346 4554 Ita
1358 4519 1375 4555 s

167 4593 269 4643 Nubila
286 4595 392 4659 opponit
405 4591 486 4642 ovid.
498 4591 581 4641 Trist.
596 4590 693 4651 1.1‚:n.
708 4605 748 4655 sq.
759 4591 795 4654 es.
807 4593 930 4654 numatam
947 4590 1096 4639 sententiam
1114 4587 1180 4637 ibid.
1194 4586 1249 4648 9,(1.
1262 4590 1375 4649 „Donec

167 4678 246 4730 felix.
265 4679 366 4728 multos
383 4676 541 4727 numerabis
560 4676 677 4739 ominos3
696 4675 833 4740 Tempora
851 4676 874 4723 si
893 4672 1121 4734 sustineamus,
1141 4672 1215 4723 solus
1234 4676 1318 4726 eris”.

233 4760 255 4794 ⁴⁵
273 4764 352 4813 toeeis
370 4767 393 4813 1.
