3294 5408
238 358 313 431 206
734 386 879 423 ramatum
892 388 1035 424 sermome.

305 544 421 594 Hutteni
440 543 475 594 ad
494 543 702 610 epigrammata,
723 557 776 607 qua
795 541 919 604 (laesuri,¹
938 546 967 591 ut
990 542 1078 607 legat,
1105 547 1225 592 autnon
1248 541 1325 607 legat
1348 541 1446 603 etiam,
1472 540 1528 591 sal·

237 618 293 663 tem
311 611 416 664 habeat
432 611 505 662 hune
523 610 631 671 librum,
652 624 713 661 eum
732 610 905 671 conmendat,
925 610 1053 675 praelatio
1071 609 1191 660 videnda
1209 614 1251 659 est
1268 609 1323 660 vol.
1336 609 1358 661 1.
1373 626 1399 675 p.
1411 608 1471 660 234.
1485 625 1527 674 sq.

211 735 216 745 ,
304 681 347 731 De
383 680 501 731 rioribus
518 679 651 745 exemplis
663 680 781 729 maximo
794 678 921 728 videatur
932 679 1019 728 Index
1031 678 1098 729 bibl.
1112 674 1191 728 H'utt.
1204 693 1276 728 nram.
1290 678 1349 729 XX.
1362 694 1388 743 p.
1400 675 1454 727 34*
1466 693 1526 743 sqq.

236 749 297 799 Non
315 697 392 799 nulla
411 749 624 814 epigrammata,
644 750 662 796 1.
677 763 701 796 e.
716 762 775 811 quse
794 752 887 797 nostro
907 746 1030 811 exemplo
1048 752 1112 796 sunt
1132 744 1527 810 18¹,18b,1·23,124,66‚65,27‚

239 815 360 879 tuelle.
374 832 436 867 cum
453 816 540 866 tribus
557 815 779 881 Aperbachianis
797 815 832 864 ad
852 814 908 863 121.
922 806 1051 880 1666ῐί111
1069 814 1178 880 alioque
1198 817 1248 865 ‘lio
1267 816 1374 864 Cancro
1394 831 1411 864 a
1428 814 1527 864 floren·

236 885 303 935 tinis
325 885 407 950 pieto’
431 884 467 935 ad
486 882 543 935 113.
562 884 635 934 inira
658 884 790 948 repetito,
815 883 930 947 primum
948 883 1078 933 Eobanus
1096 884 1201 933 Hessus
1224 882 1388 948 vulgaverat
1409 898 1435 933 a.
1450 880 1528 931 1516.

237 952 363 1019 exemplo
385 951 545 1003 adcuratius
563 951 622 1002 Ind.
637 951 704 1002 bibl.
719 952 796 1001 Hutt.
811 966 884 1000 num.
898 951 944 1000 XI.
957 951 982 1000 2.
996 967 1022 1017 p.
1038 947 1260 1016 14166666,
1284 953 1312 1000 in
1338 951 1415 1001 euius
1434 951 1528 1001 fronte

236 1019 288 1071 hoc
308 1021 477 1088 epigramma
495 1019 597 1088 legitur

758 1119 1001 1172 LECTOIlIBVS.

538 1225 576 1282 Et
596 1243 658 1300 quse
679 1227 785 1294 uidetis,
809 1232 872 1282 aule
893 1230 950 1283 uisa
972 1233 1036 1282 suat
1056 1243 1206 1302 nusquam,

538 1311 575 1366 lit
593 1328 655 1383 quoe
676 1314 781 1385 legetis,
805 1320 868 1368 aute
889 1314 958 1368 lecta
979 1319 1043 1369 suat
1063 1330 1216 1387 nusquam:

538 1396 697 1469 Quicunque
713 1400 860 1470 perlegatis
881 1401 947 1466 1616,
968 1401 1095 1466 lectores,

538 1483 626 1538 Brevi
643 1483 730 1538 libello
748 1486 854 1555 6661616
875 1501 938 1556 qaae
961 1485 1075 1551 damus,
1093 1487 1201 1558 passim

538 1567 666 1640 Legenda
684 1569 776 1641 uulgo,
793 1569 905 1640 perdar
927 1576 952 1625 et
972 1573 1071 1625 misere
1091 1574 1194 1637 vivam,

537 1651 570 1709 Si
588 1654 657 1709 lecta
677 1671 732 1710 aaa
754 1654 887 1710 amabitis.
932 1654 1004 1711 Satis
1024 1654 1125 1712 dictam
1147 1662 1196 1714 est.

836 1769 868 1819 E.
888 1769 922 1820 H.

302 1867 384 1919 Modo
403 1869 569 1921 enumeratis
588 1870 796 1937 epigrammatis
814 1872 882 1937 ipsis
900 1872 960 1922 haec
974 1872 1107 1936 praeiatus
1121 1876 1177 1923 est:
1196 1871 1376 1936 „hdrlidimus
1389 1872 1441 1923 hoe
1453 1871 1525 1933 loco,

235 1936 376 1999 „candide
395 1935 495 1996 lector,
514 1937 637 2003 quaedem
656 1939 773 1988 Hutteni
791 1939 1000 2004 Epigrammata
1018 1939 1053 1989 ad
1073 1955 1134 1989 eam
1152 1956 1224 2003 rem,
1244 1941 1278 1989 de
1297 1956 1350 2005 qua
1368 1956 1440 1990 nuno
1458 1942 1526 1991 seri·

235 2005 378 2071 „primum
402 2007 583 2070 pertinentia,
608 2011 639 2056 ut
656 2006 736 2056 simul
755 2013 918 2072 appareret,
942 2012 1073 2073 quantum
1091 2014 1120 2058 et
1136 2010 1180 2059 vir
1199 2009 1245 2058 ille
1266 2008 1402 2058 Germano
1421 2009 1526 2058 nomini

235 2073 301 2136 „(iu
319 2087 372 2139 quo
389 2078 471 2124 natas
489 2074 542 2139 est)
561 2074 679 2137 tribuat,
705 2081 733 2124 et
751 2079 872 2125 nostrum
891 2077 920 2125 in
938 2077 1131 2140 consequenda
1156 2081 1205 2125 tua
1228 2078 1320 2142 gratia
1343 2077 1476 2139 studium,
1502 2077 1527 2125 si

237 2142 376 2202 „istarum
394 2148 483 2192 reram
501 2147 542 2203 te,
569 2157 637 2207 qaas
659 2142 740 2209 longe
761 2143 964 2193 selectissimas
987 2144 1134 2207 habemus,
1159 2145 1323 2210 participem
1342 2145 1525 2195 faeereruus'‘¹

237 2209 305 2259 Tum
324 2215 386 2275 post
403 2209 471 2260 illud
488 2210 540 2260 ‘De
560 2211 667 2261 Cancro
687 2226 704 2260 a
721 2212 873 2261 florentinis
891 2213 974 2277 picto'
994 2214 1118 2277 sequitur
1136 2214 1252 2263 ‘Eobani
1270 2214 1353 2263 Hesei
1371 2213 1525 2279 Appendix.

236 2277 277 2327 Ad
288 2277 398 2328 Poetae
410 2277 459 2328 Sui
477 2280 626 2344 temporis’,
645 2280 717 2344 quod
734 2279 917 2330 hexastichon
930 2280 1054 2332 dedimus
1066 2281 1120 2332 vol.
1134 2283 1155 2332 l.
1170 2298 1195 2347 p.
1211 2280 1282 2343 123.;
1296 2282 1473 2332 novissimum
1487 2279 1526 2330 lo·

236 2360 298 2396 eum
315 2346 420 2397 ilessus
438 2346 513 2398 dedit
530 2362 579 2398 suo

663 2452 699 2510 la
721 2454 880 2516 Barbarum
900 2455 1099 2512 Detractarem.

336 2568 400 2625 Iam
419 2588 507 2642 nuuc,
528 2573 673 2640 Barbare,
696 2575 721 2627 si
744 2574 821 2644 libet,
932 2572 995 2631 Noa
1015 2577 1158 2646 quisquam
1177 2575 1260 2630 nitido
1274 2575 1347 2646 pedo

338 2657 444 2714 Clames
465 2657 504 2714 od
520 2659 653 2730 populum
675 2660 737 2714 licet
931 2657 1119 2715 Inerslrauerit
1136 2659 1288 2715 Hercules:

338 2741 453 2815 ‘Nugas
472 2759 506 2805 eu
526 2745 623 2799 itanum
642 2759 728 2799 nouas
898 2754 922 2794 6
931 2744 1003 2812 Sed,
1025 2760 1106 2818 quem
1127 2762 1177 2801 uos
1196 2745 1404 2813 celebravimus,

339 2827 480 2884 ‘Iusrslsae
501 2836 527 2884 et
544 2826 679 2885 irrutiles?
931 2829 1028 2886 Caesar
1047 2837 1102 2885 tam
1121 2833 1202 2901 prior
1223 2830 1346 2886 omuibus

317 2913 415 2970 sHeus
437 2920 479 2969 tu!
497 2931 551 2969 non
566 2916 649 2986 prius
669 2916 771 2987 aspicis
931 2915 982 2970 Est
1002 2922 1028 2970 et
1047 2916 1165 2989 sortibus
1187 2924 1212 2970 et
1233 2917 1321 2979 bonis,

338 2998 426 3066 Quam
446 3001 485 3056 sis
502 3015 625 3071 prorsus
643 3002 759 3065 inatile,
933 2998 1021 3067 Quam
1042 3009 1069 3056 tu
1081 3004 1163 3073 peior
1184 3016 1214 3057 es
1235 3002 1358 3057 omuibus

339 3084 426 3152 Quam
446 3085 611 3141 damnasse
633 3102 695 3158 quse
717 3086 763 3140 tibi
932 3085 968 3140 Et
989 3086 1149 3161 vecordibus
1170 3094 1196 3142 et
1217 3088 1305 3142 realis.

307 3203 350 3253 De
368 3199 599 3251 Franeoiurtensi
623 3198 658 3249 ab
683 3199 778 3249 eodem
803 3199 931 3260 liobam,
956 3204 986 3248 ut
1009 3206 1084 3250 recte
1104 3206 1169 3266 puto
1194 3200 1294 3261 fertur,
1321 3216 1346 3251 a.
1363 3198 1434 3250 1638.
1450 3200 1526 3251 edito

237 3270 353 3322 Hutteni
371 3283 483 3335 operum
500 3268 670 3334 poeticorum
689 3266 813 3332 exemplo
826 3267 895 3331 (lnd.
910 3267 976 3317 bibl.
988 3269 1067 3318 11611.
1080 3284 1151 3319 num.
1165 3269 1224 3317 XX.
1237 3270 1262 3317 2.
1276 3268 1334 3319 sive
1346 3268 1393 3333 L.)
1412 3285 1465 3319 non
1485 3271 1526 3320 di·

238 3355 327 3389 cerem
347 3353 427 3404 quam
445 3336 628 3403 neglegenter
646 3336 750 3386 laetum
769 3339 825 3398 est,
849 3335 902 3385 nisi
926 3342 1073 3401 sequentes
1092 3338 1211 3388 editores
1229 3336 1333 3387 clausis
1351 3336 1438 3387 oeulis
1457 3337 1526 3387 illud

237 3409 327 3458 secuti
346 3410 439 3457 essent
456 3404 593 3469 vitiaque,
616 3410 647 3453 ut
665 3404 708 3466 111,
733 3404 884 3457 auxissent.
921 3404 1054 3456 Gruterus
1073 3404 1524 3467 (16616161.Η611.6661.ΧΧ.3.)

237 3479 372 3540 praeterea
394 3472 532 3539 permulta
555 3474 757 3540 epigrammata
781 3471 815 3520 ab
839 3472 929 3522 Hesso
953 3474 1072 3539 repetita
1094 3472 1176 3538 plane
1200 3474 1304 3534 omisit,
1329 3473 1429 3522 desunt
1451 3475 1526 3523 enim

239 3542 360 3593 ‘Delitiis
377 3547 452 3608 poet
466 3543 566 3593 (irerm.¹
586 3557 620 3591 ex
637 3541 816 3591 iluttenianis
840 3540 875 3589 ad
893 3540 1112 3591 lllaximilianum
1135 3556 1196 3606 quae
1219 3540 1356 3599 dedimus,
1380 3541 1526 3608 1666666-

237 3611 287 3662 dra
309 3612 381 3660 'nter
404 3606 1523 3673 8,11,12,16,17,18·,22,26,32,33,11,16,55,63,78,81,82,86,88,811,90,11161,

236 3676 280 3742 et,
302 3674 617 3742 61,162,165,118,(123,
637 3677 707 3741 quod
725 3691 779 3727 non
797 3677 852 3726 nisi
875 3677 904 3727 in
927 3677 1051 3743 exemplo
1070 3693 1095 3727 a.
1111 3675 1184 3727 1516.
1198 3676 1274 3726 66116
1293 3677 1379 3739 extat)
1399 3675 1525 3739 126129,

240 3745 361 3809 131,132,
373 3743 820 3809 131135,136,139,143,148,151,
841 3745 940 3795 desunt
957 3745 1024 3796 item
1041 3745 1221 3811 Epitaphium
1239 3744 1304 3795 16111
1322 3746 1373 3809 11,,
1394 3761 1428 3796 ex
1447 3746 1526 3796 Cori·

236 3816 321 3866 tianis
338 3814 394 3877 2,4,
415 3819 442 3864 61
460 3815 493 3864 de
512 3817 588 3863 statu
604 3812 728 3864 Romano
746 3812 1077 3879 sterelitatem.
1572 3835 1579 3845 ·

305 3882 435 3933 Ordinem
458 3882 685 3948 epigrammatum
709 3897 769 3931 eum
787 3883 898 3933 servavi
916 3896 995 3947 quem
1013 3887 1109 3934 auctor
1127 3880 1249 3944 exemplo
1267 3881 1435 3946 Augustensi
1454 3880 1524 3943 (ind.

236 3951 304 4002 bibl.
318 3951 396 4001 Hutt.
409 3950 467 4000 XX.
484 3950 517 4013 l.)
535 3951 595 4014 ipse
614 3950 781 4013 instituerat,
802 3950 960 4001 adcuratius
979 3957 1070 4001 autem
1089 3966 1170 4016 qnam
1184 3951 1288 4000 Hessue
1307 3950 1424 4012 fecerat,
1443 3951 1526 3999 immo

239 4020 333 4071 lacere
357 4019 467 4070 omnino
489 4017 664 4083 neglexerat,
689 4019 814 4068 diversas
839 4020 919 4069 huius
942 4019 1116 4070 collectionis
1135 4018 1287 4085 particulas
1305 4017 1420 4082 singulis
1439 4020 1526 4068 etiam

237 4103 301 4140 suos
319 4102 446 4138 numeros
465 4086 625 4152 adponendo
643 4087 771 4150 distinxi,
795 4088 928 4138 navaria
946 4093 1109 4153 argumenta
1127 4087 1381 4151 conpositionisquo
1399 4091 1526 4151 tempora

236 4157 410 4238 inconposita
428 4155 636 4221 perturbatione
655 4155 877 4207 obscurarentur.
913 4171 977 4205 nam
1001 4157 1125 4236 egregie,
1139 4156 1174 4205 ad
1197 4155 1340 4204 historiam
1359 4155 1401 4204 sui
1419 4158 1527 4235 tempo·

236 4240 297 4344 ta
311 4221 1527 4359 tilithi„ldt‘thtt‘btirlrtlsithll0sitibatirresistibili}

237 4362 361 4412 camnine
383 4363 495 4427 scripsit
512 4362 664 4422 Hnttenus,
689 4377 743 4410 non
766 4360 893 4410 arrnalcs:
919 4362 991 4410 ‘strat
1010 4362 1218 4426 Epigrammata
1243 4357 1315 4424 (ipse
1340 4363 1438 4407 auctor
1455 4358 1526 4411 dicit

238 4429 305 4482 ‘vol
319 4432 342 4480 1.
356 4447 382 4496 p.
393 4429 452 4481 234.
466 4432 489 4491 5.
502 4429 539 4491 6.)
558 4432 635 4479 varie
654 4430 770 4479 divorsis
789 4430 856 4478 locis
876 4446 909 4478 ac
928 4430 1095 4494 temporibus
1113 4429 1141 4477 in
1160 4434 1222 4477 tuas
1240 4425 1428 4492 {sliarimiliuui
1440 4429 1527 4478 0666-

236 4495 304 4563 ‘er
321 4498 430 4549 scilicet
447 4499 592 4554 victorias,
612 4497 1006 4562 66161666116666111661616
1025 4502 1067 4547 ost
1085 4496 1156 4561 (prod
1173 4495 1218 4545 vel
1238 4497 1295 4560 ipse
1315 4495 1386 4560 vidi,
1412 4497 1526 4560 quibus·

238 4565 315 4618 ‘dam
333 4567 418 4618 etiam
436 4569 563 4630 interlui,
583 4566 627 4618 val
646 4565 762 4616 aliorum
781 4566 915 4616 relatione
935 4570 1039 4629 gestum
1060 4565 1194 4630 coguovi'.
