3294 5408
284 421 407 458 nursam
421 422 451 456 ln
465 422 659 457 excarntobnit
674 422 859 457 nonvnnrnau
872 421 993 456 bunnar!
1008 422 1212 458 rsnneunlcvs.
1317 390 1392 464 363

250 598 287 637 ere
304 576 459 646 ‚,lnlrelix‚
484 596 549 656 equae
572 576 656 655 eulpa
682 596 745 637 mea
769 581 831 637 est?
855 597 913 657 quo
937 580 1060 638 crimine
1082 577 1158 647 laesi,

300 679 390 750 „Qua
413 697 472 739 non
495 680 627 739 demerui
651 697 775 757 superos
798 682 905 757 pietate
928 680 1063 759 lideque‘?

301 781 412 853 „Quod
436 783 540 859 genui,
563 783 700 857 genuisse
725 782 840 850 rolens,
864 781 1012 850 avellitur;
1036 784 1065 842 in
1088 800 1148 861 quo

302 884 417 962 „Spem
441 885 539 961 posui,
564 886 676 961 rapitur
700 885 863 962 Stygiisque
886 886 1071 962 immergitur
1094 883 1190 945 nudis.

301 985 387 1054 „Nec
409 985 506 1046 scelus
530 986 600 1054 boc,
625 986 716 1045 latiam
740 993 792 1046 est.
816 995 846 1045 at
867 1004 926 1045 urm
949 987 1079 1047 Briareia
1103 985 1251 1066 quondam

250 1106 288 1147 eos
305 1089 403 1156 „Cum
427 1095 562 1166 peterent
584 1096 729 1148 tormenta
753 1088 850 1148 lovem
873 1095 1050 1167 centumque
1073 1086 1200 1150 lacertos

304 1190 476 1259 „Tenderet
497 1192 624 1268 Aegaeon
647 1191 772 1269 Pindum
796 1189 937 1251 iaculatus
960 1199 989 1251 et
1011 1190 1120 1258 Ossan,

302 1293 456 1361 „blitteret
478 1292 641 1353 Enceladus
664 1293 802 1372 scopulos
825 1295 995 1372 tereretque
1017 1292 1189 1373 Typhoeus,

303 1395 389 1464 „lret
410 1397 441 1454 in
465 1395 603 1455 adversos
625 1394 720 1474 pubes
743 1396 855 1455 Titania
879 1395 985 1464 creles,

303 1496 504 1575 „Oppuguata
527 1516 610 1558 meos
633 1500 765 1558 concessi
789 1500 818 1556 in
840 1498 944 1576 sydera
969 1505 1093 1559 urentes.

251 1618 289 1656 aee
305 1598 375 1667 „lle
398 1601 551 1669 miseram,
576 1601 653 1679 quod
679 1619 737 1659 riori
761 1599 837 1659 relui
861 1607 974 1660 tentare
998 1608 1120 1677 repente

303 1701 442 1769 „Cuncta
466 1703 547 1780 prius
569 1720 623 1780 per
646 1710 675 1763 te
698 1705 849 1780 latiumque
872 1703 984 1762 anteire
1006 1702 1122 1779 tuisque

304 1802 447 1871 „Viribus
469 1804 504 1863 ad
528 1806 636 1864 maiora
662 1804 737 1873 lrui,
761 1823 827 1882 quae
849 1804 937 1864 nmlta
962 1804 1099 1863 luissent:

304 1905 392 1974 „llee
415 1923 470 1982 ege
493 1904 638 1965 debebam
662 1906 786 1966 Venetas
808 1908 920 1965 intrare
943 1903 1078 1983 paludes.

304 2008 394 2076 „llec
417 2007 492 2068 derce
515 2007 660 2069 debebam
684 2007 831 2069 Celtarum
856 2007 1014 2068 excindere
1037 2006 1168 2078 baudes,

251 2128 288 2167 aas
304 2108 494 2177 „Turearum
518 2109 631 2170 calcare
655 2110 767 2187 nephas
789 2111 946 2187 Asiamque
969 2109 1107 2188 pudende

304 2211 446 2279 „Exuere
469 2213 593 2290 imperio
617 2221 645 2272 et
668 2221 838 2288 congestam
861 2212 1010 2273 alnlucere
1032 2211 1163 2290 praedam

303 2313 458 2381 „Bistonia
482 2313 597 2390 Thrace
619 2313 816 2392 locupletique
839 2313 1039 2392 Hellesponto.

302 2416 437 2484 „Verum
460 2415 544 2475 aliter
568 2417 659 2475 risum
682 2418 811 2493 superis,
835 2424 936 2494 teque,
961 2414 1068 2495 inclyte
1091 2417 1199 2484 victor,

305 2517 435 2585 „luridit
459 2518 588 2578 l‘ertuna
612 2518 682 2578 mibi
706 2521 861 2598 rapuitque
884 2519 1018 2579 laborum

251 2639 292 2682 ate
308 2620 365 2689 „ln
389 2619 486 2680 inedie
510 2639 613 2681 eursu:
638 2629 668 2680 tu
692 2622 767 2680 lurvi
790 2620 896 2699 pallida
920 2621 991 2681 Ditis

305 2721 432 2798 „llegna
456 2730 537 2799 petes
560 2725 733 2802 Stygiasque
756 2724 861 2783 doinus
884 2730 913 2782 et
936 2721 1042 2798 pallida
1065 2721 1167 2782 Noctis

305 2825 421 2891 „dntra
446 2825 678 2902 tenebrosasque
700 2843 821 2903 specus,
846 2825 1019 2901 perritusqne
1042 2821 1147 2883 latebis

304 2925 409 2994 „Orbe
433 2925 505 2995 alie,
529 2925 616 2986 claris
639 2925 727 2985 beros
751 2933 851 3003 erepte
875 2925 1035 3003 trophaeis?

305 3030 402 3100 „Ouis
425 3027 503 3088 relet
524 3027 579 3086 bes
601 3027 697 3087 reltus
720 3026 882 3087 labrel'aete
906 3027 1047 3104 et'tlngere
1069 3028 1100 3085 in
1123 3044 1210 3094 auro,

253 3148 291 3187 an
308 3130 481 3199 „Marmore
504 3149 555 3189 seu
579 3130 680 3198 l'arie,
706 3129 806 3188 lusere
829 3131 960 3188 aetimare
983 3127 1120 3188 metallol

304 3232 389 3300 „Vos
412 3250 502 3292 arrium
526 3231 655 3310 prncbete
680 3231 767 3298 mibi,
792 3233 815 3290 si
839 3231 936 3292 debita
959 3249 1066 3308 pesce,
1283 3225 1396 3306 ''Gssffl‘ssm

306 3335 364 3401 „Si
387 3352 444 3392 neu
468 3333 538 3393 lalsa
563 3353 630 3394 mee
653 3340 696 3393 est
719 3335 861 3411 premissa
887 3335 1015 3412 protentia
1038 3332 1142 3392 llbene

306 3435 420 3504 „llrbis
442 3443 471 3495 et
493 3437 649 3513 irnperimn
674 3435 790 3501 mnndi.
814 3437 838 3494 si
861 3453 920 3496 nen
943 3455 1006 3496 mea
1030 3433 1117 3495 tellus

305 3536 453 3615 „Phlegra
478 3538 546 3606 luit,
570 3540 684 3617 superi,
708 3537 811 3598 saltem
835 3536 890 3597 boc
913 3538 1078 3607 concedite,
1102 3545 1195 3598 restet

168 3739 202 3773 '⁹⁰
219 3740 321 3791 Infelix
342 3745 399 3790 Μ.
419 3744 456 3804 (nt
474 3743 540 3808 reliq.
555 3741 583 3804 e)
636 3741 670 3774 ²⁹⁸
688 3757 748 3791 eum
767 3743 883 3792 Titanes
902 3743 999 3792 eaelum
1018 3746 1216 3808 expugnarent.
1237 3741 1274 3791 cl.
1287 3742 1396 3791 Ileeiod.

100 3827 205 3891 Theeg.
227 3832 254 3875 et
277 3827 435 3890 Ver·p.den.
451 3828 483 3875 X.
497 3828 555 3876 etto.
570 3844 627 3891 sqq.
646 3829 780 3876 Briareeu
804 3828 843 3876 dii
867 3830 1053 3878 centimanum
1077 3828 1217 3877 rorabant
1236 3842 1297 3876 erim
1316 3841 1396 3892 quern

100 3912 242 3976 Aegaeona
260 3911 392 3961 homines.
413 3912 486 3960 llere.
502 3911 534 3960 ll.
549 3913 569 3961 Ι.
583 3911 641 3960 1102.
689 3912 722 3943 Μ
742 3914 777 3962 cs.
797 3914 874 3977 Verp.
889 3929 982 3977 georg.
996 3913 1017 3962 1.
1031 3910 1090 3965 280.
1102 3928 1143 3977 sq.
1196 3913 1309 3975 degoen
1323 3914 1394 3961 dae.

99 3994 134 4027 ²⁹⁷
157 3995 314 4045 Enceladus
339 3997 513 4045 centimanus
537 3997 649 4045 Tartari
673 3999 821 4062 Terraeque
847 3997 918 4046 tilius
942 3997 1040 4047 sieilia
1065 3999 1255 4062 superiniecta
1278 3996 1397 4046 domitus

101 4084 152 4130 est.
173 4081 210 4130 el.
227 4083 306 4145 Verp.
321 4082 387 4130 Aen.
402 4081 452 4129 IIl.
466 4081 525 4130 575.
539 4097 598 4145 sqq.
657 4081 804 4146 Typhoeus
823 4084 967 4147 centiceps
986 4082 1121 4132 Enceladi
1140 4083 1236 4141 frater,
1255 4081 1396 4132 noxiorum

99 4171 242 4216 ventorum
256 4181 366 4231 pareus,
386 4167 460 4216 loris
474 4165 587 4215 fulmine
602 4167 629 4215 in
642 4167 789 4217 Tartarum
802 4168 935 4217 deiectus.
954 4169 1033 4231 Verp.
1048 4183 1141 4233 georg.
1156 4169 1178 4217 1.
1193 4165 1252 4217 279.
1266 4167 1334 4217 Aen.
1349 4166 1396 4217 lX.

101 4250 160 4304 713.
179 4252 336 4317 Typhoeus,
356 4256 379 4301 5.
428 4250 461 4282 ²⁹⁸
479 4252 566 4316 pubes
579 4250 704 4316 Titania]
719 4253 842 4312 Titanes,
858 4253 996 4302 L'rarrides
1010 4251 1107 4302 eaelum
1126 4252 1317 4318 expugnatori.
1336 4251 1397 4316 Ege

100 4342 157 4385 tum
171 4336 292 4386 inimicis
305 4351 432 4400 superum
445 4336 548 4385 auxilie
561 4352 616 4385 nou
636 4337 682 4386 rai.
738 4338 797 4387 orel.
812 4338 918 4402 3.rrbiq.
934 4354 965 4387 aa
1019 4335 1053 4368 ³¹²⁴
1072 4334 1222 4401 Celtarum]
1243 4335 1396 4385 Gallorum:

99 4422 332 4472 Lndevieulel.
349 4420 537 4470 storacem
550 4422 666 4471 Venetis
685 4438 781 4487 pacem
802 4423 912 4484 inierat,
934 4423 1040 4471 (fresae
1053 4421 1206 4471 adversam.
1259 4419 1293 4452 Μ
1311 4421 1398 4472 Thra·

100 4507 146 4555 cia
164 4521 181 4554 a
194 4506 337 4555 Bistonum
356 4505 569 4556 bellicosissimo
588 4523 636 4556 sue
655 4506 767 4572 popule,
787 4523 886 4556 nemen
906 4523 922 4555 a
935 4507 1063 4568 Bistone,
1083 4507 1181 4555 Martis
1199 4510 1228 4555 et
1240 4505 1398 4557 Calirrbees

99 4591 167 4652 lilio,
186 4590 354 4652 deducente,
374 4592 502 4641 Bistonia
520 4593 581 4656 ipsa
600 4591 757 4657 adpellata,
778 4593 876 4640 'furcis
889 4591 1025 4640 subiecta.
1045 4591 1168 4640 Bistonis
1181 4595 1265 4641 terra.
1279 4590 1349 4642 Ouid.
1363 4608 1398 4642 ex

100 4675 313 4738 l‘entelI.9,et.
353 4673 440 4740 ³⁰⁸te]
455 4675 577 4726 Alberte.
619 4674 653 4707 ³¹⁰
667 4673 753 4741 Ditis]
770 4676 903 4726 Plutonis.
925 4676 1078 4725 atrittitis:
1102 4676 1322 4740 l'erp.tlen.VI.
1340 4675 1395 4727 tet.

98 4760 133 4793 ³¹⁸
151 4761 266 4829 prebete
285 4767 309 4813 5.
363 4760 395 4793 ³¹⁰
413 4760 545 4828 Phlegra]
567 4762 696 4828 oppidum
715 4762 901 4824 discedemus,
926 4761 1055 4824 Pallene,
1078 4760 1161 4825 „ubi‚
1185 4766 1333 4831 antequam
1351 4778 1397 4833 op·
