3294 5408
358 418 482 454 ΒΥΤΤΙΜ
496 418 525 452 nt
539 415 736 453 ucurrronssst
750 413 935 451 ΙΙΟΟῊΠΙΝΑΙ
947 414 1069 450 ALBBR'H
1082 413 1287 452 Pannonicum.

375 573 544 633 ‘Conrnrisit
565 571 682 632 iortuna
704 572 783 650 regi,
806 570 857 642 sed
882 570 1008 631 sortibus
1030 571 1122 631 armis

374 677 529 735 ‘Assuetos
550 672 646 734 Rheni
668 671 795 751 populos
816 671 973 751 Albimque
994 673 1140 740 ferocem,

375 776 468 836 ‘Hinc
491 784 580 852 atque
602 774 672 835 hinc
693 793 794 835 rerum
818 774 968 844 dominos,
991 775 1100 836 atrocia
1123 791 1216 852 regna

314 891 364 931 rna
378 876 642 955 ‘Vesterichosquc
665 874 777 937 alacres
800 883 830 938 et
851 875 1002 937 nobilitate
1023 882 1136 937 vetusta

375 977 491 1040 ‘Elatos
512 978 697 1039 Francorum
720 979 848 1057 equites,
872 979 1041 1058 praestantia
1063 977 1143 1039 bebo

376 1081 531 1151 ‘Pectora,
556 1079 785 1159 Vettranamque
807 1082 917 1151 aciem,
941 1081 1076 1160 ditesque
1098 1080 1263 1158 Doringoe,

329 1192 334 1201 '
375 1184 607 1259 ‘Assuetumque
629 1182 714 1243 malis
736 1182 876 1252 Hessum,
899 1181 959 1243 tibi,
975 1181 1111 1243 diarchia
1128 1187 1229 1261 paret,

375 1285 420 1345 ‘Si
441 1300 568 1360 regnare
590 1284 680 1354 scies,
703 1285 844 1345 servitum
867 1285 999 1345 Saxones
1019 1283 1119 1352 ibunt,

315 1387 494 1448 rrao‘Nescia
519 1387 609 1447 corda
631 1388 702 1465 iugi.
726 1387 818 1446 sentis
840 1387 953 1448 instare
975 1384 1135 1464 periclum,

375 1489 421 1549 ‘Si
444 1506 504 1549 non
527 1487 668 1567 aqualem
691 1488 808 1549 dederis
831 1496 859 1549 te
882 1487 1052 1549 accessibus
1074 1488 1147 1549 istis.

376 1591 490 1651 ‘Portis
513 1598 661 1652 terrarum
685 1589 790 1650 melior
811 1589 864 1649 tibi
888 1592 989 1660 cessit,
1012 1588 1136 1650 habebis

376 1694 496 1762 ‘drma,
520 1694 600 1752 siros
621 1698 649 1753 et
672 1709 744 1771 opes
766 1693 910 1770 regnique
932 1692 1059 1770 ingentis
1081 1690 1222 1753 habenas.

376 1793 435 1854 ‘Tu
458 1795 551 1855 civem
570 1801 744 1873 patremque
766 1812 868 1871 geras,
891 1811 1044 1872 unumque
1066 1801 1230 1864 memento,

314 1907 363 1948 ¹¹²⁵
381 1894 460 1956 ‘Non
483 1902 542 1956 tam
565 1895 612 1955 his
634 1896 790 1973 imperium
814 1894 933 1974 populis
953 1913 1042 1972 quam
1065 1894 1199 1973 exempla
1221 1896 1349 1975 requiri:

382 1996 459 2057 ‘lam
482 2003 532 2058 tua
555 1999 611 2057 rita
634 1995 730 2076 paiam
753 1998 926 2075 intentoque
946 1998 1105 2075 exponitur
1127 1995 1208 2066 orbi,

378 2097 455 2159 ‘Nec
476 2100 634 2178 quicquam
658 2105 791 2159 secretus
813 2115 899 2176 ages,
923 2101 1097 2178 cunctisque
1119 2099 1262 2160 ridendus

377 2200 513 2261 ‘Summa
536 2207 634 2271 tenes,
658 2199 814 2279 nullusque
837 2206 920 2261 tuum
945 2200 1042 2262 velare
1064 2217 1201 2262 recessus

374 2301 531 2363 ‘Errorem
554 2305 678 2381 poterit,
703 2303 856 2363 manifesta
879 2319 933 2380 per
955 2305 1053 2363 omnia
1077 2303 1189 2382 pergis,

314 2417 365 2460 nso
380 2405 428 2465 ‘iu
451 2406 614 2484 primisque
636 2405 737 2473 sedes;
760 2406 866 2465 iterum
889 2403 947 2465 boc
969 2405 1139 2466 meminisse
1160 2403 1287 2472 iubebo,

376 2505 536 2585 ‘Exemplo
559 2513 671 2567 statiua
694 2514 745 2566 tuo
768 2525 834 2586 quae
854 2524 947 2585 regua
970 2509 1100 2584 capessis
1109 2505 1125 2566 '.

375 2607 445 2668 iiaec
466 2607 604 2668 Rhenus:
628 2607 671 2669 Te
693 2609 811 2668 bamma
834 2609 876 2668 tui
898 2609 1007 2669 suffusa
1031 2609 1155 2687 pudoris

377 2709 509 2789 Occupat
530 2729 598 2780 ora,
621 2726 727 2787 genas,
751 2718 781 2771 et
801 2711 826 2770 si
848 2713 1023 2788 promittere
1045 2709 1134 2771 seiles

375 2811 489 2883 Quanta
511 2813 610 2873 animo
633 2818 775 2888 concepta
798 2830 900 2888 geras,
924 2830 1012 2891 quam
1035 2829 1141 2890 magna
1156 2811 1304 2882 voluntas,
1359 2811 1468 2891 lem,

315 2926 365 2967 uss
377 2912 442 2974 Non
465 2920 566 2993 posset
587 2914 658 2974 satis
680 2930 745 2974 esse
767 2913 846 2974 dies:
869 2914 968 2974 iacere
990 2915 1088 2974 omnia
1111 2913 1218 2984 maris,

375 3014 440 3076 Non
462 3016 505 3075 ris
525 3033 594 3093 spes
616 3019 725 3091 augere
748 3022 827 3082 tuas,
851 3015 1025 3092 promittere
1048 3032 1107 3074 non
1131 3015 1189 3083 vis;

376 3117 439 3177 Hoc
462 3118 606 3177 nnumin
631 3123 697 3175 voto
721 3125 779 3183 est,
804 3123 835 3176 ut
857 3118 976 3194 parcius
999 3118 1053 3177 ista
1074 3125 1217 3193 gerantur

377 3219 503 3279 Laeticia
525 3219 662 3298 plausus,
687 3218 814 3287 clamor,
839 3225 1016 3288 concentus,
1040 3218 1179 3280 bonores.

377 3320 490 3381 Tantus
511 3341 559 3389 es,
583 3340 600 3381 o
623 3322 776 3400 princeps,
801 3326 830 3380 et
852 3338 910 3380 non
934 3321 976 3380 vis
998 3327 1096 3382 tantus
1117 3319 1245 3381 haberi?

315 3421 487 3493 nsolmmo,
511 3423 628 3492 ardete,
653 3424 719 3493 siae,
742 3439 865 3502 pompa,
890 3441 941 3483 vos
963 3421 1108 3500 plaudite,
1132 3422 1223 3484 eires!

376 3523 532 3603 Nunquam
556 3532 757 3603 opportunum
779 3533 897 3603 tempus
918 3526 1012 3601 magis
1034 3526 1087 3585 isia
1110 3525 1260 3602 poposcit:

374 3626 438 3688 Hoc
459 3627 647 3706 desyderium
670 3634 727 3696 est,
750 3626 800 3687 hic
823 3634 867 3686 est
889 3645 987 3694 amor,
1011 3625 1059 3686 iila
1082 3627 1204 3704 cupido,

375 3728 446 3790 Haec
467 3736 538 3789 suut
560 3735 639 3795 rota,
664 3730 733 3790 viri:
758 3746 809 3788 vos
831 3728 916 3789 obvia
938 3728 1049 3790 tendite
1071 3727 1128 3789 iaeti

376 3830 501 3892 Brachia
523 3831 553 3890 in
576 3830 732 3891 adrentum
756 3834 827 3891 tanti
850 3831 950 3900 ducis,
974 3831 1072 3890 omnia
1094 3837 1185 3892 strata

315 3945 366 3986 nso
378 3932 455 4002 Una,
480 3931 581 4010 reple,
605 3931 682 4008 vulgi
705 3933 814 4003 iacies,
837 3932 986 4012 longoque
1008 3939 1142 3994 moretur

377 4032 490 4093 Ordine
511 4031 596 4092 turba
621 4034 695 4100 rias:
719 4034 868 4094 incendite
890 4033 1014 4103 lumIna‚
1039 4034 1128 4096 tiores

376 4135 529 4213 Spargite,
554 4152 628 4212 quos
651 4153 705 4196 nos
728 4135 815 4211 tregit
837 4135 953 4214 hyems,
977 4155 1043 4216 quse
1065 4139 1197 4216 gramina
1220 4155 1309 4198 succo

376 4235 513 4297 Nondum
536 4236 677 4297 exhausta
699 4238 835 4298 manent!
859 4237 931 4299 nihii
955 4240 1138 4300 intermittite
1160 4240 1240 4317 quod
1265 4257 1316 4300 ros

242 4506 286 4541 ¹¹¹³
313 4505 385 4573 nin]
415 4506 666 4573 Magdeburgensis
696 4508 780 4556 etium
810 4509 1035 4575 archiepiscopus
1066 4516 1109 4560 ast
1137 4509 1275 4560 aibertus.
1307 4511 1344 4560 ct.
1364 4526 1389 4562 v.
1408 4509 1467 4562 609.

172 4590 309 4644 ¹¹¹¹ci'.v.
324 4591 382 4642 199.
418 4591 639 4645 ¹¹¹¹dbtitttoutr.
677 4590 719 4625 ¹¹¹¹
731 4593 791 4641 Ass.
806 4591 870 4642 mai.
884 4591 933 4660 H.]
948 4594 1079 4644 historice
1092 4609 1125 4643 sc
1138 4595 1310 4660 prophetice.
1347 4592 1469 4661 ’ΜΨ

176 4677 249 4727 ferre
272 4678 371 4728 nescii.
424 4674 469 4726 ¹¹³¹
491 4691 556 4741 spes
575 4674 647 4742 tuns]
668 4676 741 4725 inte
765 4676 901 4727 conlatas.
957 4676 1185 4729 ¹¹⁴⁰1m03.5.o.
1239 4678 1281 4714 ¹¹⁴¹
1300 4681 1468 4732 desiderium

173 4764 297 4813 2.3.5.⁶.
367 4759 411 4795 ¹¹⁴²
433 4761 548 4812 Festum
571 4762 664 4828 agitur
686 4767 802 4812 exeunte
821 4776 915 4813 mense
932 4763 1087 4816 Novembri.
