3294 5408
164 372 239 446 266
364 404 489 441 nvrrtru
501 405 538 440 In
550 404 685 441 GAESARBU
697 405 908 442 mntttuuvrr
922 406 1143 443 erueremur!
1156 408 1251 443 LIBER.

281 556 344 615 145.
580 561 631 613 ΒΕ
649 557 913 614 INDVLGENTIIS
931 563 1033 614 IVLII.

367 680 483 742 Fraude
506 683 584 761 cepit
606 688 699 742 tetum
722 690 871 744 mereator
894 682 983 745 Iulius
1005 681 1124 752 orbem,

452 784 555 844 Vendit
578 786 656 845 enirn
678 785 781 854 eoelos;
806 803 864 846 uon
887 785 976 846 hairet
997 787 1059 865 lpse
1082 796 1194 848 tamen:

367 885 467 947 Vende
479 886 553 946 *milri
569 887 647 965 queri
664 886 770 949 habes:
788 905 855 948 nam
871 907 930 967 rure
947 889 1074 969 (pudor),
1089 896 1123 949 ut
1137 889 1207 949 mihi
1224 886 1354 955 vendes,

342 1009 354 1049 t
453 987 552 1067 Ipsum
575 996 619 1057 te,
644 989 715 1059 tuti,
739 992 823 1052 euius
847 1009 936 1068 egere
958 990 1057 1051 rides?

368 1089 442 1161 Quin
466 1090 528 1151 Iera
551 1091 732 1152 centimanus
754 1093 867 1153 emittat
888 1100 965 1154 terre
991 1094 1145 1170 Gigantes,

456 1193 547 1255 lulius
569 1192 691 1272 expulso
714 1195 819 1256 vendat
840 1202 874 1255 ut
894 1202 973 1255 astra
996 1195 1079 1256 iere:

370 1294 468 1356 Donec
491 1296 569 1357 enirn
594 1294 683 1356 eteius
706 1295 780 1356 eiius
802 1298 878 1374 regit
901 1304 930 1358 et
951 1305 1033 1357 tonet
1056 1298 1139 1367 inde,

341 1418 354 1459 e
453 1396 517 1457 Non
541 1414 596 1476 ege
618 1406 676 1459 tarn
700 1400 797 1477 magui
819 1401 952 1460 ruuneris
974 1408 1090 1478 emptor
1112 1418 1173 1460 ero.

283 1579 346 1639 146.
697 1587 747 1636 rur
766 1586 913 1636 rueruru.

369 1703 452 1765 Nune
476 1724 530 1784 ego
553 1713 658 1784 terque
681 1712 786 1785 qrruter
808 1696 941 1766 venture
962 1705 1066 1783 gaudie
1091 1708 1155 1767 ritae

452 1808 489 1869 Et
512 1808 661 1886 qrraedarn,
685 1824 750 1887 quae
773 1825 837 1867 sum
861 1809 907 1867 vix
930 1807 1098 1876 habiturus,
1123 1809 1195 1877 euri;

368 1911 476 1989 Accepi
498 1911 583 1970 toties
605 1909 718 1970 tabutas
742 1912 942 1990 impressaque
966 1930 1042 1971 cerat

343 2031 356 2070 r
455 2010 595 2083 Nomina,
619 2012 670 2073 seri
693 2020 805 2073 tanturn
831 2015 949 2074 nornine
972 2030 1039 2074 curn
1063 2012 1179 2074 tubulis.

369 2112 442 2175 iilud
466 2120 495 2175 et
517 2114 573 2174 hoc
596 2120 724 2176 temere:
749 2133 845 2193 neque
869 2117 947 2175 enirn
970 2133 1092 2194 sperare
1115 2117 1180 2195 quis
1202 2115 1279 2176 ausit

453 2216 627 2296 Emptururu
650 2235 682 2277 se
704 2220 771 2295 quie
792 2218 920 2279 rendere
943 2236 1029 2278 neruo
1053 2217 1133 2285 vetit,

367 2320 424 2379 Aut
445 2320 470 2379 si
493 2319 569 2380 torte
592 2317 672 2387 velit,
696 2336 761 2398 quae
783 2337 870 2380 nemu
893 2320 1021 2382 rendere
1043 2321 1149 2398 possit,

342 2442 355 2481 s
456 2422 527 2483 Cum
551 2419 657 2482 culum
681 2420 761 2483 seius
783 2424 832 2500 qui
857 2422 932 2483 bene
955 2424 1024 2481 ririt
1047 2430 1138 2482 emet:

371 2524 430 2584 ianr
454 2542 522 2585 rere
546 2531 578 2583 ut
600 2526 661 2584 risu
684 2524 740 2585 hee
763 2524 898 2602 dignum,
923 2530 1061 2603 tanquam
1085 2542 1149 2584 esse
1171 2523 1290 2584 beatum

455 2624 593 2687 'festibus
616 2626 661 2686 Iris
683 2633 782 2703 egeat,
806 2629 888 2703 sigua
911 2627 971 2706 peti
994 2634 1023 2687 et
1045 2624 1174 2686 tabulas!

284 2811 345 2872 147.
713 2814 752 2864 IN
770 2812 909 2863 IVLIVM.

370 2932 475 2994 Omnia
499 2931 671 3003 turbantur,
696 2940 776 2994 retro
800 2935 897 2993 emnia
921 2951 1003 2993 uersa
1029 2933 1179 3001 ridentur,

454 3037 510 3108 Qui
534 3034 610 3097 beue
633 3026 693 3096 nen
715 3036 804 3105 viret,
828 3053 914 3112 pesse
937 3033 1026 3095 beare
1049 3035 1135 3096 aiios!

370 3138 441 3199 Curn
465 3136 573 3198 multos
596 3137 734 3217 ferreque
758 3154 846 3198 neces
868 3144 990 3216 atroque
1014 3155 1142 3205 veneno,

344 3261 355 3301 t
456 3240 528 3301 Cum
552 3239 663 3300 sceiere
686 3239 847 3300 occiderint
869 3238 947 3299 milia
969 3238 1059 3300 muita
1083 3248 1149 3310 tue,

370 3342 443 3403 Cunr
465 3341 519 3402 tibi
540 3342 649 3402 funesti
671 3343 729 3401 sint
750 3340 811 3402 seta
835 3342 955 3420 negocia
978 3339 1060 3412 beili,

453 3444 522 3505 Oeie
545 3452 719 3504 monstrosae
741 3444 856 3504 conscia
880 3443 1018 3512 luxurie,

371 3548 442 3609 Cum
465 3547 546 3607 dices
568 3546 718 3625 faciasque
740 3545 812 3606 nihil
835 3546 889 3605 nisi
913 3553 999 3626 turpe
1022 3543 1204 3624 malumque.

344 3670 356 3711 e
456 3649 572 3710 Interea
595 3647 701 3709 curium
725 3646 983 3727 expendis‚1uie,
1007 3649 1123 3708 temen?

369 3749 460 3830 quue
483 3749 587 3830 uliquis
610 3750 710 3811 eredat
733 3750 780 3811 eui
803 3768 886 3811 mens
909 3752 937 3810 in
961 3768 1087 3828 corpere
1110 3768 1181 3810 seno

455 3852 530 3913 Sana
553 3855 606 3923 sit,
625 3840 659 3913 'et
681 3852 828 3913 Christum
851 3853 901 3930 qui
924 3858 1007 3929 putet
1030 3870 1094 3913 esse
1118 3851 1224 3913 deuurt

284 4036 348 4096 148.
721 4041 777 4089 De·
790 4038 901 4089 IVLIO.

371 4159 456 4220 llune
472 4158 617 4220 scelerum
633 4167 767 4220 autorem
783 4166 944 4229 tenturum,
960 4158 1040 4219 hunc
1056 4157 1168 4219 Iruutlis
1183 4159 1327 4224 emicem,

455 4260 508 4322 Cui
530 4262 647 4340 requies
670 4260 796 4330 beilum,
819 4279 875 4340 pax
899 4260 999 4321 odiosa
1024 4260 1091 4328 tuit,

168 4379 370 4391 ———-.-

240 4432 293 4484 titt.
323 4432 425 4498 ⁸eeere
445 4435 468 4481 1.
523 4431 543 4463 ¹⁰
560 4432 606 4481 hie
626 4435 649 4481 1.
703 4429 829 4495 tireeu.

240 4518 295 4568 147.
325 4517 486 4585 ²!]?edd.
533 4515 738 4567 ⁴millie2...t.
791 4515 971 4582 ‘negotium
1018 4515 1084 4565 ief.
1099 4512 1401 4583 v01.1111.p.448.sq.
1416 4516 1464 4563 rui·

168 4608 225 4652 not.
241 4610 268 4654 et
287 4604 361 4654 iufra
380 4605 412 4653 In
430 4608 554 4668 tempore
568 4602 632 4652 Iuiii
651 4607 703 4652 set.
717 4618 742 4651 v.
757 4600 798 4650 tu.
812 4617 852 4666 sq.
905 4599 916 4631 ⁸
934 4600 995 4650 eoei.
1016 4597 1086 4665 exp.]
1106 4601 1137 4649 In
1155 4606 1236 4665 temp.
1251 4599 1303 4649 Iul.
1318 4605 1370 4650 eet.
1383 4599 1462 4650 v.1:t.

167 4689 178 4720 ⁹
196 4689 290 4738 quen.
304 4693 356 4738 eet
371 4689 403 4738 x.
418 4687 476 4739 356.

237 4771 294 4822 lte.
325 4773 385 4824 Hoc
400 4774 481 4839 epioe.
495 4788 543 4824 em.
556 4777 583 4824 3.
