3294 5408
119 428 209 465 linter.
221 427 360 464 venosus
371 427 478 464 CYHBBI
488 427 590 465 cestim
600 427 636 463 DE
646 426 865 464 eunomianos.
876 428 1000 465 eveum
1011 428 1046 465 BT
1056 428 1159 464 GHVNB·
1167 427 1300 465 BABCTOB·
1337 398 1411 471 467

119 597 239 644 nostram
270 591 378 644 inurere
407 597 434 643 et
457 605 573 662 quaeque
600 589 732 662 pessima,
763 588 837 661 quod
865 587 947 650 lacis,
984 590 1011 645 in
1039 606 1090 647 nos
1119 590 1296 648 disseminare
1324 599 1412 666 potos,

118 693 197 750 prena
221 681 247 729 te
268 682 373 736 manet,
397 691 464 730 suos
486 691 541 730 non
564 673 667 730 inultos
689 673 827 746 relinquet
849 673 981 730 Christus.
1010 674 1142 731 llartinus
1164 675 1307 739 Lutbcrus.
1331 679 1413 735 homo

117 761 159 817 dei
181 767 210 815 et
223 760 324 816 Christi
345 759 496 834 apostolus,
519 768 614 816 noster
636 767 693 822 cst;
716 776 786 821 eum,
810 759 899 833 quoad
922 779 936 816 a
957 760 1065 815 Christo
1088 776 1142 815 non
1165 760 1316 824 desciverit,
1339 764 1413 836 quod

118 845 144 900 in
167 853 300 919 perpetuo
323 861 378 900 non
395 844 517 901 facturus
540 853 591 907 cst,
614 843 789 900 defendemus
811 851 838 899 ot
860 844 1104 918 propugnabimus,
1127 861 1161 900 nc
1183 848 1209 902 in
1225 846 1412 904 famelicorum

93 931 211 986 edentes
233 929 381 987 crudeliter
402 930 472 985 tradi
494 931 591 1004 possit,
614 928 682 996 Vos,
706 928 837 984 liberrimi
861 929 1055 986 Germanorum
1078 946 1215 1004 proceres,
1237 949 1294 994 vos,
1317 929 1470 1007 patriael·²¹

117 1017 188 1071 cives
210 1023 239 1072 et
262 1017 429 1090 municipes,
453 1014 550 1071 oculos
572 1013 641 1071 coelo
665 1014 820 1075 sustollite.
844 1016 891 1088 qni
908 1031 1025 1089 superne
1041 1031 1089 1071 eos
1112 1014 1190 1072 vobis
1205 1019 1327 1090 aperuit,
1351 1035 1413 1091 gra·

118 1102 169 1156 tias
192 1100 243 1156 deo
267 1109 394 1173 agentes,
424 1117 479 1174 qno
503 1099 611 1156 occasio
634 1098 725 1172 aliqua
746 1099 826 1156 nobis
858 1099 948 1156 oblata
970 1102 1006 1156 sit
1028 1099 1158 1157 italorum
1188 1102 1356 1175 tyrannidem
1386 1112 1413 1159 et

116 1184 334 1243 llomanistarnm
358 1184 537 1242 insatiabilem
561 1181 684 1242 avaricie
708 1184 864 1257 voraginem
887 1184 956 1241 elabi
979 1201 1075 1258 posse:
1098 1184 1167 1241 nulli
1190 1186 1229 1242 rei
1245 1195 1349 1243 tanturn
1373 1190 1413 1244 in·

116 1270 279 1343 vigilandum
303 1287 384 1345 quam
406 1278 437 1327 ut
459 1285 521 1331 eos,
545 1272 591 1344 qui
614 1270 701 1327 malos
723 1286 814 1326 mores
836 1269 992 1327 civitatibus
1015 1269 1180 1333 intulerunt,
1203 1272 1300 1346 procul
1322 1273 1412 1347 expel-

84 1354 186 1412 ¹⁰lant:
210 1355 242 1411 ad
265 1357 328 1412 vitia
351 1356 457 1429 quidem
482 1372 543 1410 eum
566 1372 659 1411 omnes
682 1358 826 1430 proniores
850 1371 958 1413 suenus.
983 1362 1038 1410 tum
1054 1357 1191 1429 praecipue
1204 1359 1360 1413 catervatim
1384 1360 1411 1414 in

116 1457 146 1497 ea
168 1442 287 1503 ruimus,
315 1440 362 1496 ubi
385 1443 431 1514 qni
454 1457 545 1496 rerum
567 1441 712 1513 potiuntur
734 1449 761 1496 ct
783 1439 909 1512 religioni
940 1455 1058 1513 praeesse
1080 1440 1243 1512 gloriantur
1263 1446 1364 1516 passim
1387 1450 1415 1499 et

116 1525 225 1599 publice
241 1534 366 1600 peccant,
390 1543 506 1599 qnorum
530 1526 618 1582 studia
641 1527 668 1582 bi
690 1525 723 1583 ad
739 1542 768 1582 sc
784 1542 838 1581 non
855 1533 1027 1582 convertunt.
1050 1525 1188 1599 praecidite
1203 1543 1269 1600 ergo
1286 1529 1413 1585 vitiorum

117 1611 207 1684 capita
229 1620 256 1667 ct
278 1620 320 1667 tot
335 1628 459 1666 errorum
476 1619 600 1672 autores,
625 1619 655 1667 ut
677 1610 797 1685 populus
813 1611 845 1666 ad
860 1609 961 1667 Christi
976 1611 1182 1685 praescriptum,
1206 1612 1277 1668 unde
1292 1612 1415 1686 aliquan·

118 1695 164 1751 diu
187 1696 219 1752 ad
243 1696 313 1753 idola
335 1696 473 1753 adoranda
497 1696 630 1752 abductus
646 1704 704 1758 est,
727 1695 796 1751 bene
811 1695 944 1770 beateque
960 1697 1039 1759 vivat,
1061 1695 1189 1757 avaricia,
1213 1696 1278 1753 luxu
1294 1705 1322 1752 ct
1337 1700 1414 1770 igno·

85 1781 206 1837 ¹5raetia
233 1798 248 1837 a
278 1781 386 1855 templis
415 1783 583 1855 proscripta,
615 1780 735 1855 populus
758 1789 851 1838 mutua
874 1780 1051 1843 liberalitate,
1087 1780 1147 1837 vitae
1170 1783 1328 1839 castimonia
1351 1800 1411 1840 eum

116 1865 226 1922 Christo
249 1868 387 1940 sapienter
408 1874 514 1924 aetatem
532 1866 665 1922 instituat.
689 1865 747 1922 lloe
761 1866 860 1923 clamat
883 1862 972 1922 omnis
994 1865 1128 1940 populus,
1152 1867 1231 1923 cuius
1253 1883 1346 1924 vocem
1369 1865 1482 1924 deit-²²·

117 1967 209 2007 vocem
224 1967 284 2008 esse
301 1950 412 2008 oraculo
428 1954 480 2007 iam
501 1950 506 2021 Ι
525 1951 588 2007 olim
611 1951 749 2024 proditum
772 1960 822 2006 est.
847 1950 900 2007 Vos
923 1954 1035 2015 interea,
1058 1951 1154 2026 optimi
1177 1951 1310 2014 Germani,
1334 1969 1414 2010 aures

117 2044 220 2092 vestras
236 2036 339 2109 Ulyssis
362 2036 485 2110 exemplo
508 2037 542 2091 ad
557 2036 662 2109 antiqui
686 2035 813 2092 draconis
836 2036 945 2093 sibilum
962 2035 1103 2098 obturate,
1127 2039 1338 2112 necquicquam
1354 2040 1413 2094 viro

117 2118 190 2177 bono
213 2129 240 2177 et
261 2121 415 2178 Christiano
438 2122 579 2194 indignum
594 2121 627 2176 ile
641 2120 761 2177 luthero
784 2121 812 2176 in
835 2122 952 2177 animum
969 2120 1121 2195 concipite:
1144 2123 1201 2178 scio
1217 2139 1414 2197 usquequaque

83 2208 109 2248 ²⁰
120 2213 321 2280 tempestuosos
343 2208 428 2262 austri
452 2206 532 2262 llatrrs
547 2208 648 2263 circum
665 2205 839 2281 obstrepere.
863 2207 909 2279 qui
925 2204 1028 2262 bomini
1043 2206 1169 2262 invidiam
1184 2209 1302 2264 excitare
1317 2209 1414 2265 enixis·

117 2290 184 2346 sime
199 2291 333 2354 laborant,
356 2291 404 2347 sed
418 2291 543 2348 cbristus
558 2308 613 2347 non
628 2290 780 2366 permittit;
803 2291 884 2348 audio
899 2291 987 2347 indies
1002 2292 1035 2347 de
1057 2291 1249 2355 sacramentis,
1272 2293 1306 2348 de
1321 2294 1414 2349 matri·

117 2378 224 2439 monio,
247 2376 280 2432 de
302 2384 453 2451 potestate,
478 2377 591 2451 imperio
615 2384 642 2431 et
665 2379 827 2449 magistratu
849 2376 1017 2451 antiquando
1041 2377 1068 2433 in
1090 2392 1152 2434 eum
1175 2376 1336 2435 aemulorum
1359 2377 1413 2435 cla·

117 2477 222 2524 mores,
246 2478 316 2535 quos
338 2462 409 2517 inter
431 2462 574 2518 llurnarns
598 2461 644 2516 ille
667 2461 853 2519 Franciscanae
876 2461 1003 2517 factionis
1026 2463 1192 2524 monachus,
1215 2465 1343 2535 egregius
1365 2462 1414 2520 bo·

116 2562 213 2602 norum
230 2546 372 2609 decoctor,
396 2547 476 2603 etiam
491 2547 518 2602 in
536 2548 620 2603 saeris
636 2546 783 2603 tractandis
798 2545 992 2603 celeberrimus
1016 2546 1198 2621 sycophanta,
1228 2564 1315 2622 nuper
1336 2547 1414 2604 libel·

82 2633 107 2672 ²⁵
118 2629 174 2687 lum
197 2631 279 2688 edidit
301 2647 450 2706 suppresso
472 2634 596 2693 nornine.
620 2634 688 2687 mire
711 2635 846 2705 ineptum.
869 2632 916 2687 sed
939 2649 994 2704 quo
1017 2631 1132 2689 rudibus
1153 2632 1294 2706 imponere
1315 2635 1413 2705 possit.

117 2715 153 2772 Te
176 2731 226 2790 per
248 2717 385 2772 Christum
409 2716 551 2777 obtestor,
574 2718 620 2790 qui
644 2717 760 2772 llartino
785 2715 854 2773 male
878 2716 931 2778 vis.
955 2715 1115 2790 priusquam
1131 2716 1205 2772 illius
1222 2717 1323 2791 scripta
1340 2717 1413 2774 elain·

116 2816 178 2863 ncs‚
202 2818 233 2858 ea
255 2802 333 2875 prins
357 2818 407 2857 nee
429 2801 605 2856 tumultuarie
621 2799 723 2873 legito:
747 2800 912 2874 dispeream,
936 2801 958 2855 si
975 2817 1030 2856 non
1046 2800 1125 2874 plane
1140 2802 1249 2857 mentiri
1265 2818 1313 2857 eos
1329 2801 1411 2864 dicas,

117 2887 164 2959 qui
187 2886 374 2960 imprudenter
397 2902 468 2941 nunc
490 2885 674 2941 vociferantur
696 2885 843 2942 Lntlrerum
870 2901 977 2941 omnem
999 2893 1164 2957 potestatem
1180 2893 1207 2941 et
1222 2888 1417 2959 magistratum

116 2970 184 3026 velle
205 2971 330 3033 abolore,
361 2970 460 3025 Caesari
489 2978 516 3025 et
544 2970 670 3026 omnibus
698 2969 870 3043 principibus
893 2971 1037 3041 negocium
1061 2969 1218 3032 instituere.
1249 2971 1411 3028 seditionem

83 3062 108 3103 ³⁰
118 3063 228 3129 optare.
252 3056 285 3111 ad
301 3054 521 3111 tumultuandum
540 3054 645 3129 plebem
668 3055 821 3117 exhortari,
844 3053 966 3111 Socratis
983 3055 1190 3129 rempublicam.
1214 3058 1335 3113 caninam
1351 3054 1412 3112 libi·

114 3140 204 3196 dinem
227 3140 371 3203 reducere,
395 3141 522 3196 mulieres
546 3156 703 3196 communes
726 3140 829 3201 lacere,
853 3141 1056 3196 matrimonium
1079 3140 1197 3203 elevare,
1222 3158 1297 3198 saera
1320 3143 1410 3197 omnia

114 3225 295 3300 prophanare.
318 3224 385 3294 Quis
409 3234 462 3282 tam
485 3225 638 3293 descetus,
662 3235 769 3282 utnon
793 3225 894 3287 rideat,
917 3225 989 3280 unde
1005 3225 1023 3281 ii
1039 3227 1110 3281 venti
1126 3227 1302 3283 exoriantur?
1325 3241 1412 3301 prope

114 3327 192 3366 mons
226 3319 281 3373 est,
320 3312 417 3367 borum
446 3310 558 3367 llatunm
581 3313 713 3372 emissor.
750 3310 865 3367 vicinum
895 3309 1001 3367 bebetis
1034 3309 1148 3367 Etbnam
1180 3311 1249 3368 banc
1277 3310 1410 3367 llammam

114 3394 306 3452 eiaculantem:
329 3414 378 3452 ros
401 3398 529 3471 spiritus,
553 3397 681 3472 probate,
705 3414 737 3452 an
761 3412 792 3452 en
815 3396 865 3452 deo
889 3397 952 3452 sint.

81 3653 165 3695 tonos
184 3646 365 3697 disseminare
384 3652 478 3712 potes,
499 3652 527 3696 et
545 3647 616 3712 quod
636 3647 706 3696 fecis
724 3661 818 3712 perge.
850 3661 932 3710 poenn
951 3650 978 3695 to
998 3645 1026 3695 in
1045 3645 1117 3696 diem
1136 3651 1238 3709 menet,
1257 3646 1410 3698 ulciscetur

113 3745 177 3780 suos
196 3730 332 3782 Christus.
351 3732 421 3793 Vos,
442 3732 576 3781 liberrimi
596 3732 751 3781 Germaniae
775 3747 920 3796 proceros,
945 3745 1012 3796 qnos
1031 3730 1157 3781 Christus
1181 3735 1262 3781 tento
1286 3732 1408 3797 ealigine

113 3815 244 3866 Romenae
269 3816 374 3866 fraudis
400 3817 507 3882 eripere
532 3817 623 3882 cupit,
647 3831 729 3865 serres
751 3817 898 3866 venenatis
921 3816 1098 3881 serpentibus
1122 3831 1175 3865 non
1199 3816 1336 3881 praebeto,
1361 3818 1407 3882 qui

112 3901 181 3949 inira
199 3900 328 3950 daemonis
352 3899 508 3951 calliditate
528 3900 667 3950 Christum
690 3900 851 3966 prohibero,
877 3901 1030 3951 avariciam
1048 3901 1202 3951 Romanam
1226 3902 1311 3951 tutori
1334 3902 1408 3952 omni

113 3991 172 4034 orte
191 3985 349 4036 studebunt.
385 3985 494 4038 Velcte.

180 4221 201 4254 ¹³
222 4225 257 4274 el'.
271 4224 325 4273 vol.
339 4224 404 4273 llll.
419 4240 444 4288 p.
459 4221 519 4271 otti.
533 4223 572 4284 ἕξ.
585 4223 627 4272 27.
641 4220 682 4271 2²8.
