3294 5408
270 369 341 443 ¹98
399 400 437 438 ΔΙ)
448 400 610 439 tencrone
623 402 792 447 namqveeQ.
807 403 999 442 venundent!
1012 404 1161 442 natumsed
1174 402 1286 441 cistert
1299 404 1421 443 EXHORT-

467 562 506 620 Iit
521 561 635 636 fractas
653 562 775 636 aquilos,
794 563 880 635 plena
899 579 1013 636 sequare
1035 568 1214 637 transireque
1231 567 1315 622 vestri

469 647 635 722 Sanpuinis,
653 654 679 705 et
706 648 805 705 Veneto
821 648 981 721 prebentes
1002 656 1079 722 terea
1102 648 1218 717 Suevos,

468 735 661 807 Captivumque
682 734 786 790 ducem.
833 734 956 790 Tumidee
973 750 990 790 o
1007 736 1139 790 iaetantia
1158 737 1261 808 pontis!

470 819 537 876 Tale
554 834 605 876 nec
623 821 714 876 erexit
731 825 862 890 superato
886 818 994 875 Groecia
1014 821 1127 889 Xerxe,

419 921 456 963 tvo
471 905 531 962 Nec
553 907 649 961 totiens
666 906 738 961 victa
760 904 926 978 Oartbapine
944 905 1035 962 Roma
1051 905 1217 977 trvpboeum:

467 990 512 1047 An
533 991 588 1046 nisi
607 990 736 1046 invidiam
756 989 890 1046 Germani
907 992 1047 1058 culminis,
1067 992 1164 1063 indens

468 1075 596 1134 Dedecus
617 1077 647 1130 in
666 1083 785 1132 vestrum
802 1079 864 1149 quis
883 1077 949 1131 talio
964 1078 1110 1148 pinxerit?
1131 1076 1190 1144 Ite,

469 1160 527 1231 Ite,
549 1163 615 1229 viri,
637 1163 758 1234 ontiquve
778 1163 804 1216 si
823 1177 871 1217 vos
891 1163 995 1219 virtivtis
1013 1163 1102 1234 imapo

473 1246 535 1304 Ullo
552 1250 652 1314 movet,
675 1249 701 1302 si
718 1248 805 1321 tanpit
822 1246 919 1316 bonos,
941 1248 967 1301 si
980 1247 1069 1319 ploria
1088 1248 1167 1318 porti

419 1346 458 1388 ves
471 1330 604 1405 Imperii!
624 1348 681 1387 non
699 1333 752 1388 ista
772 1334 854 1405 pravi
873 1333 916 1388 vel
936 1331 1015 1388 clade
1036 1333 1079 1388 vel
1097 1333 1200 1399 armis,

469 1418 563 1474 Gentis
584 1422 615 1472 ot
634 1420 766 1474 extremis
786 1418 903 1473 inimicae
922 1416 1025 1473 abolete
1042 1419 1145 1486 ruinis,

469 1502 520 1561 Cui
539 1517 628 1576 neque
646 1508 691 1559 sot
706 1504 780 1560 vobis
798 1518 830 1559 se
847 1503 985 1575 infensum
1002 1504 1146 1559 ostendere
1166 1504 1245 1557 inani

469 1588 619 1645 Ambitione
633 1587 701 1662 fuit,
718 1590 858 1662 petulanti
877 1596 901 1644 et
920 1588 1023 1644 loedere
1043 1590 1136 1660 liupuu

471 1673 606 1747 Saepeque
627 1688 678 1730 ceu
699 1676 782 1731 or'ctvs
800 1673 981 1730 mendacibus
1004 1674 1108 1730 addere
1123 1671 1222 1746 fastis,

420 1773 459 1818 tto
474 1759 532 1816 Sed
548 1773 702 1832 propressa
722 1762 781 1816 suis
796 1761 934 1832 paulatim
957 1764 1048 1815 astuta
1070 1760 1177 1814 lacunis

470 1845 600 1915 Consilio,
620 1851 696 1912 arte,
719 1845 788 1902 dolis
809 1848 835 1901 et
847 1845 1002 1917 proditione
1022 1845 1065 1902 vel
1085 1861 1157 1899 auro

469 1929 594 2003 Dempsit
613 1930 649 1985 ab
666 1932 781 2004 imperio
803 1932 863 1986 loco
885 1936 923 1986 tot
938 1931 1049 2002 potiora
1070 1929 1120 1986 sub
1141 1930 1208 2001 ipsis

468 2014 584 2088 Alpibus
601 2016 709 2084 Italiae,
728 2023 810 2088 atque
829 2015 952 2072 adeundi
971 2015 1081 2088 repibus
1102 2015 1176 2069 illem

469 2099 629 2157 Interclusit
647 2104 699 2158 iter
705 2125 715 2164 ,·
735 2103 901 2174 sociumque
922 2102 1069 2159 revolvitur
1090 2114 1128 2155 ex
1149 2117 1201 2171 quo
1223 2135 1226 2141 -

420 2202 457 2245 tto
471 2187 594 2243 Eccitiale
615 2189 706 2260 iupum
726 2189 872 2259 patiuntur
892 2191 919 2243 et
939 2187 1040 2258 oppida
1062 2186 1184 2242 clamant

469 2272 575 2328 Pressa
596 2271 681 2329 ‘Veni
688 2316 696 2341 ,
717 2270 827 2341 Casar,
846 2279 893 2329 tua
910 2274 965 2328 iam
985 2272 1032 2327 tibi
1050 2272 1172 2327 vendicet
1189 2268 1287 2326 ensist’

470 2355 578 2414 Siccine
598 2359 724 2415 colluvies
743 2357 882 2414 bominum
895 2359 1058 2430 piperisque
1077 2357 1234 2428 redemptor

471 2442 622 2512 Sordidus,
645 2443 796 2517 omnipcnos
815 2445 856 2498 sic
876 2444 969 2501 navita
991 2444 1103 2510 mercis,
1126 2456 1230 2497 avarus

471 2526 588 2585 Institor
609 2530 767 2602 enormique
788 2531 914 2586 morinus
933 2533 1043 2602 putum
1063 2541 1174 2600 merens

422 2630 459 2672 teo
472 2613 609 2671 Nobilium
626 2620 758 2688 repnator
780 2617 852 2671 erit?
873 2613 1055 2671 dominabitur
1075 2627 1142 2685 erpo

470 2699 599 2772 oroma
618 2707 700 2774 atque
717 2701 793 2756 ommi
809 2700 902 2756 solitus
919 2700 1026 2756 servire
1041 2699 1160 2755 lucello?

473 2784 537 2841 Non
558 2783 625 2842 bene
647 2787 811 2843 conveniunt
832 2787 891 2841 vilis
912 2792 1051 2840 mereator
1072 2788 1099 2839 et
1119 2783 1189 2839 idem

473 2869 576 2928 Nobilis
592 2876 619 2927 et
635 2873 778 2945 princeps.
822 2870 900 2928 Prob
924 2870 1027 2926 lumina
1050 2885 1126 2925 coeca
1145 2875 1299 2941 potentum!

473 2956 572 3013 Nonne
590 2957 695 3025 vident,
716 2959 907 3029 animumque
929 2955 1031 3028 diripat
1051 2955 1099 3010 illo
1122 2954 1271 3027 mulionum

422 3055 458 3097 tes
474 3041 579 3099 Callida
597 3057 679 3116 pens,
702 3043 749 3099 toti
768 3059 832 3116 qua
848 3043 958 3114 aspirat
975 3047 1003 3097 et
1022 3041 1141 3096 imminet
1160 3039 1233 3107 orbi,

473 3124 597 3200 Concipit
616 3133 697 3200 atque
711 3129 790 3184 avido
811 3127 968 3183 Romanam
984 3134 1099 3198 pectore
1121 3126 1236 3181 motem?

478 3212 555 3269 Unde
575 3219 617 3269 est
634 3213 809 3286 principibus
830 3214 935 3269 cunctis
954 3213 1080 3280 inimica,
1103 3219 1236 3284 tyrannos

472 3296 546 3365 Quos
566 3305 659 3367 vocat,
681 3301 764 3373 inque
784 3301 842 3355 suis
861 3313 964 3354 secura
977 3296 1125 3370 paludibus
1143 3312 1236 3352 omnes

472 3382 608 3456 Despicit,
631 3383 710 3439 baud
720 3385 775 3442 sibi
792 3386 847 3439 iam
870 3385 1015 3452 mortales,
1037 3381 1088 3438 sed
1103 3397 1190 3454 neque
1211 3384 1308 3439 cultim

423 3482 461 3526 teo
475 3467 562 3525 Posse
579 3483 681 3527 nocere
700 3477 819 3542 putens,
840 3476 965 3542 conpecto
981 3468 1071 3540 fidere
1092 3469 1120 3523 in
1140 3484 1211 3522 auro

472 3551 571 3625 Sueto,
593 3563 719 3612 monente
736 3555 829 3612 eodem
849 3569 1011 3628 semperque
1031 3559 1125 3609 tenore
1140 3566 1266 3621 suorum,

471 3637 648 3697 Incrementa
667 3640 765 3713 quibus
785 3641 923 3697 discordia
947 3654 1034 3713 repno
1054 3638 1171 3710 suerunt

473 3724 640 3800 Alternoque
658 3726 743 3783 duces
763 3726 894 3783 monasti
910 3732 999 3781 marte
1015 3725 1121 3787 Latini·

475 3809 606 3868 Reddidit
621 3817 647 3868 et
666 3813 723 3869 nisi
739 3828 807 3885 quos
828 3814 939 3868 iactura
956 3812 1048 3867 olisna
1063 3814 1199 3882 potentes,

425 3908 462 3951 teo
477 3893 595 3969 Semper
614 3899 643 3953 in
664 3899 774 3954 interitu
792 3912 887 3971 repum
905 3903 946 3953 est
963 3910 1029 3969 spes
1044 3896 1169 3950 maximo
1191 3912 1307 3967 quorum

475 3980 561 4038 Posse
577 3983 683 4056 ab'quid
703 3990 773 4052 tuto,
796 3984 860 4040 dum
884 3998 1003 4054 carpere
1021 3987 1145 4053 tempora
1163 3987 1291 4053 captant,

342 4177 375 4213 ¹¹⁸
393 4177 512 4247 aquilis]
531 4182 685 4248 imperiales.
732 4180 764 4215 ¹⁶⁷
782 4182 932 4248 prebentes
945 4185 969 4232 1.
1017 4177 1131 4247 Suevos]
1145 4183 1285 4233 enereitmn
1297 4186 1410 4235 neodem
1426 4185 1567 4251 imperato-

273 4268 319 4317 rie.
371 4263 405 4299 ¹⁵⁸
422 4264 530 4333 ducem]
545 4267 668 4331 Ottanem
687 4270 851 4335 imperatoris
865 4270 953 4331 filium.
1000 4266 1032 4300 ¹⁶⁹
1051 4269 1147 4336 grecia
1159 4268 1245 4319 Xerse
1259 4270 1283 4317 1.
1332 4267 1365 4301 ¹⁸⁰
1382 4269 1526 4337 tropheum
1539 4273 1565 4323 1.

257 4348 306 4384 ‘¹⁸¹
329 4349 457 4403 onlrniuis
477 4355 500 4403 1.
522 4354 695 4419 imperatoris.
767 4351 1301 4420 ¹⁸²vostrum1principum6ermanioe.
1372 4352 1404 4387 ¹⁸⁸
1427 4352 1522 4407 ledere
1540 4358 1566 4406 1.

273 4435 305 4471 ¹⁸⁰
324 4438 427 4504 Sepeqj
444 4440 470 4487 l.
539 4437 720 4490 mendacibus
739 4435 830 4504 lastis]
850 4440 938 4505 quibus
954 4439 1002 4489 troc
1023 4441 1141 4489 scemam
1159 4437 1358 4490 Bullatinornm
1382 4456 1471 4492 nomen
1494 4442 1567 4493 vatn-

271 4527 347 4574 ventt.
397 4521 429 4556 ¹2⁰
446 4519 564 4589 lacunis]
578 4525 710 4589 Lapnuen.
759 4522 791 4556 ¹⁷³
805 4522 929 4593 regibus]
945 4526 1123 4575 Gerneanorum
1136 4524 1238 4575 Italiam
1248 4525 1400 4590 petentibus.
1447 4523 1480 4559 ¹¹⁴
1497 4526 1567 4578 secl.

272 4604 387 4674 renale]
407 4607 459 4660 Sub
476 4610 540 4659 duce
557 4610 698 4661 Fraricieeo
715 4610 840 4660 b'uscorio
859 4610 1092 4662 Mediolanensibus
1109 4612 1244 4661 territoria
1261 4610 1442 4676 Berpomense,
1463 4612 1568 4663 Oremo-

273 4709 358 4753 nense,
377 4693 519 4744 Brioeiense
537 4693 601 4746 bello
619 4697 775 4753 ademerant,
795 4696 963 4748 Carmanioloe
979 4700 1087 4746 manime
1104 4698 1205 4754 virtute,
1230 4713 1254 4748 a
1269 4699 1345 4747 lili.
1357 4713 1398 4764 sq.
1451 4695 1484 4730 ’ἢ
1501 4697 1566 4748 nri-

273 4778 343 4831 telie
362 4782 386 4829 1.
440 4775 473 4811 ¹⁸¹
493 4793 562 4829 cece
580 4781 605 4830 1.
659 4778 691 4811 ¹⁸⁷
710 4780 834 4831 tirannos
853 4784 877 4831 1.
