3294 5408
387 349 511 385 ”filiii
523 349 561 384 AD
572 346 707 385 ΟΙΒᾹΙΙΙ
720 347 932 384 wimundi!
945 346 1169 386 ΕΡΙΒΙΔΙΙΔῊΙ
1181 347 1275 385 ntuli.

348 524 374 565 rs
389 501 651 581 incomprensibile
673 509 703 563 et
723 502 815 563 citum
838 500 983 562 volumen.
1027 538 1031 543 -

390 605 465 665 Huic
487 622 623 683 maguam
646 605 749 665 Veneti
771 604 859 664 tidem
882 603 1044 674 dedorunt,
1124 681 1130 694 .

385 706 467 766 Hanc
489 724 609 784 semper
630 705 715 766 solito
737 706 838 766 venire
860 704 960 767 Gaiius

384 806 479 868 Cursu
502 806 626 868 eredidit
648 814 678 868 et
699 812 805 868 tenore
827 813 939 885 empto:

385 908 492 969 Verum
515 908 579 968 hec
602 926 684 968 versa
707 917 789 968 retro
811 907 914 970 ieiollit
935 907 1054 976 ambos,

344 1030 371 1069 ro
385 1010 422 1070 Et
443 1028 518 1089 quos
539 1008 700 1070 sustulerat
721 1009 821 1071 iniens
843 1011 873 1069 in
896 1005 1022 1079 altum,‘

383 1111 511 1171 Rursum
535 1111 674 1190 deprimit
694 1111 829 1172 inridens
851 1111 887 1171 ad
910 1112 1011 1172 imum.

384 1212 522 1272 Fortunas
543 1211 679 1273 instabile
702 1220 747 1273 est
768 1229 933 1290 vagumque
957 1230 1082 1282 numen:

384 1313 497 1381 Virtus,
521 1330 597 1391 quos
619 1313 722 1381 habet,
746 1313 836 1374 stituit
858 1313 975 1382 beatos,

382 1415 419 1475 m
441 1415 536 1494 siquid
560 1415 687 1483 dederit,
712 1423 788 1475 rum
809 1414 924 1477 reveiii:

344 1538 370 1576 m
385 1515 438 1577 Cui
461 1517 560 1578 tideus
577 1519 676 1577 animo
699 1516 771 1577 nihii
794 1518 930 1585 timente,

384 1618 464 1679 Votis
487 1618 639 1685 omuibus,
663 1620 758 1678 exitus
781 1619 810 1678 in
833 1636 951 1687 omnes,

382 1719 543 1780 Terrarum
566 1726 655 1797 caput
676 1719 712 1779 ad
736 1717 806 1779 uitril
829 1719 944 1797 redegit

383 1820 455 1881 Cum
478 1820 569 1882 Gallis
591 1821 716 1881 Venetos
737 1819 951 1898 superbientes.

321 2003 369 2063 68·
569 2009 618 2058 ΒΕ
638 2005 811 2056 ΡΟΒἸὝΝΑ
830 2008 878 2056 AD
898 2006 1087 2057 cmssuutt.

382 2125 479 2187 Tarda
502 2127 637 2205 uiridem,
661 2127 712 2187 sed
736 2127 835 2206 opima
858 2125 910 2187 tibi
933 2126 1065 2186 Fortuna
1088 2125 1224 2188 resultat:

468 2228 540 2301 Qum
563 2229 682 2288 veniunt
704 2229 820 2307 cupidis
842 2245 923 2297 sera,
948 2236 1044 2289 tauron
1069 2230 1204 2290 veniunt:

383 2328 495 2409 iupiter
518 2329 566 2391 iiie
590 2337 658 2391 tous
679 2330 735 2390 tibi
757 2330 827 2391 dom
850 2328 928 2389 bona
951 2335 1098 2408 temperat
1119 2338 1214 2401 astra,

357 2452 370 2492 s
471 2431 616 2505 Quiddam
640 2451 655 2492 a
679 2431 822 2500 Saturno,
847 2449 883 2492 ne
906 2432 964 2495 cito
987 2430 1053 2500 det,
1076 2433 1195 2509 patitur.

381 2532 523 2611 Impediat
544 2531 612 2593 linet
634 2532 697 2602 ilie,
721 2540 818 2594 tamen
842 2532 1012 2594 melioribus
1034 2535 1120 2594 astris

467 2637 542 2695 Sunt
564 2634 614 2695 tibi
638 2633 682 2696 vei
706 2636 800 2696 media
824 2636 916 2696 iausta
939 2643 1157 2713 paratumora.

383 2737 493 2817 Sydera
517 2738 692 2815 promittunt
713 2736 845 2797 meliora.
883 2738 952 2816 quid
976 2736 1121 2813 ambigis?
1143 2755 1179 2797 an
1204 2755 1264 2797 nou

356 2861 368 2898 s
468 2838 596 2900 Tardius
618 2838 653 2899 ad
678 2845 777 2899 votum
801 2845 846 2899 est
868 2839 976 2917 optima
1000 2856 1124 2916 qumque
1147 2838 1228 2899 dies?

320 3019 360 3080 oo
605 3025 654 3073 uu
676 3024 798 3074 niuno
816 3024 865 3072 nu·
885 3023 1045 3074 emsauu.

382 3142 485 3204 Omnia
508 3150 578 3204 sunt
599 3140 691 3211 Gadi,
715 3149 818 3202 contra
842 3143 915 3219 petit
938 3142 1033 3202 omnia
1057 3141 1170 3204 Caesar:

466 3244 518 3307 iiie
541 3245 688 3324 quod‘est
712 3244 834 3312 fruitur,
858 3243 906 3304 hio
929 3236 1007 3322 quod
1030 3243 1114 3306 abest
1136 3243 1237 3305 inhiat.

382 3346 564 3432 Paoludos,
588 3346 735 3416 Fortuna,
758 3345 888 3423 aliquos,
912 3350 1022 3406 mutata
1046 3353 1184 3424 repente,

355 3470 366 3508 s
468 3449 564 3510 Caesar
586 3455 619 3508 ut
641 3448 704 3509 hmo
726 3447 849 3518 habeat,
872 3446 972 3510 Guiius
995 3454 1027 3508 ut
1048 3447 1112 3508 hmo
1134 3447 1241 3527 cupiat.

314 3630 364 3692 iti.
728 3635 777 3684 ur.
796 3635 931 3685 ionum.

381 3755 513 3814 Victores
536 3752 623 3833 pauiu
646 3757 714 3814 ante
736 3772 830 3832 penes
851 3771 917 3815 sors
940 3770 1083 3832 prospera
1106 3751 1206 3815 Gallos

469 3855 542 3916 Cum
566 3855 658 3924 iuret,
683 3858 712 3916 in
736 3856 818 3917 latio
842 3853 939 3916 tabula
963 3854 1060 3916 Caesar
1083 3863 1163 3917 erat:

380 3958 474 4019 Vertit
495 3975 527 4018 se
549 3956 680 4017 Fortuna
703 3964 798 4026 rotro,
823 3958 979 4046 Germania
1002 3958 1085 4026 vicit,

354 4082 365 4122 r
468 4060 628 4120 Confestim
652 4058 753 4120 Gallus
775 4058 910 4137 displicet
931 4057 1029 4120 itatius.

245 4261 286 4312 67.
316 4261 338 4294 ²³
356 4263 504 4313 Terrarum
518 4259 611 4328 eaput]
631 4262 735 4313 Coesar.

243 4346 285 4398 68.
314 4345 346 4380 Μ
365 4349 438 4399 ioris
456 4346 567 4398 stellam
587 4348 750 4411 benignum¹
777 4347 889 4397 Saturni
912 4345 1062 4412 malignum
1087 4362 1151 4396 esso
1169 4347 1307 4412 putabant
1325 4347 1469 4412 astrologi.

174 4433 241 4498 Hpt.
293 4432 421 4483 'Sidera
439 4436 512 4483 m.

243 4515 285 4567 tit.
317 4517 357 4567 tid
381 4522 483 4568 statum
507 4534 595 4567 rerum
615 4517 776 4567 Italicarum
795 4516 886 4582 quotis
905 4532 930 4566 a.
948 4515 1095 4566 lotifero
1115 4514 1222 4577 fuerat,
1246 4515 1306 4566 huso
1330 4521 1395 4582 apte
1414 4517 1471 4567 diei

171 4600 310 4652 videntur.

244 4684 286 4735 70.
318 4686 363 4736 cf.
376 4687 411 4735 ad
430 4687 517 4752 epigr.
530 4687 573 4736 67.
588 4687 730 4738 adnotata.
