3294 5408
549 1080 767 1161 VLRICHI
789 1087 860 1161 DE
884 1079 1103 1162 HVTTEN

660 1224 806 1286 EQVITIS
826 1225 991 1277 GERMANI

692 1332 725 1373 ιιι
740 1331 956 1373 ursannnrnnn

486 1429 638 1491 tutndts
661 1429 709 1490 DE
732 1430 884 1492 HVTTEN
907 1429 1082 1491 GENTtLlS
1105 1429 1162 1490 SVI

735 1554 909 1596 mnensrvu

694 1657 962 1722 DEPLORATIO.

380 1787 499 1866 Ergone
521 1794 588 1866 post
610 1789 721 1858 varios,
745 1791 857 1850 iuvenis
880 1789 1061 1858 miserande,
1083 1786 1217 1856 labores,

380 1890 449 1951 Post
471 1908 557 1951 casus
579 1891 759 1971 morbosque
782 1910 864 1952 meos
885 1894 1054 1971 seriemque
1076 1889 1223 1952 matorum

380 1992 425 2053 Tu
448 1992 545 2055 luctus
567 1993 638 2054 mibi
661 2012 748 2055 causa
771 1995 857 2055 nou'i
878 2003 910 2054 tu
933 2011 1020 2054 causa
1044 1992 1173 2073 querelae

381 2095 429 2156 Sic
452 2095 605 2157 coniectus
628 2097 704 2158 eris?
727 2115 783 2158 nec
805 2096 902 2158 adimo
925 2097 1041 2156 inimica
1065 2095 1183 2157 facessit

353 2198 520 2260 sLaedcndi
542 2199 672 2260 Fortuna
695 2199 837 2260 modum?
860 2200 972 2277 quaesi
995 2199 1091 2258 omnia
1115 2197 1202 2258 veltet

380 2300 488 2361 luvidia
510 2309 628 2362 mutare
652 2303 726 2370 mei,
750 2308 779 2362 te
802 2300 919 2362 turbida
942 2302 973 2360 in
996 2318 1055 2360 uuo

381 2402 488 2463 Debuit
509 2421 574 2464 esse
597 2405 710 2474 minus,
733 2422 789 2464 nec
811 2406 840 2463 in
863 2402 921 2464 boc
943 2402 1099 2464 temeraria
1123 2402 1189 2462 dici.

380 2504 438 2565 Seu
455 2506 560 2566 Fatum
575 2506 632 2566 boe
649 2504 812 2586 loquimur,
828 2525 881 2567 sen
899 2505 972 2565 Sors
987 2522 1053 2583 qua
1067 2510 1097 2563 te
1112 2502 1232 2564 abstulit
1246 2502 1310 2564 haec
1326 2511 1386 2574 est,

382 2605 538 2686 Indignum
561 2608 696 2676 tulimus,
720 2626 776 2668 nec
799 2607 869 2668 vidit
891 2605 1027 2668 acerbius
1050 2605 1142 2667 ultum

344 2726 368 2766 ιι
382 2709 468 2770 betas
490 2711 545 2770 ista
568 2711 667 2771 netas:
691 2727 759 2771 uam
782 2727 841 2788 quo
864 2717 897 2770 tu
919 2710 1064 2769 insontior
1086 2725 1181 2776 esses,

382 2810 444 2872 Hoc
466 2814 574 2891 pressit
596 2814 731 2891 graviore
754 2810 846 2882 malo,
869 2810 957 2871 simut
979 2809 1117 2871 omnibus
1139 2828 1191 2870 usa

380 2913 502 2974 Saevitiae
523 2916 665 2976 numeris.
689 2913 726 2974 Et
747 2930 802 2972 nos
824 2930 950 2989 regnare
972 2918 1110 2991 putemus

379 3014 509 3095 Usquam
532 3016 647 3094 aliquos
669 3024 719 3077 aut
741 3035 806 3077 esse
828 3015 915 3085 deos,
939 3014 1104 3093 trepidique
1126 3013 1257 3073 ieramus

380 3116 445 3177 Non
468 3117 618 3179 auditurus
640 3118 777 3179 devotum
799 3135 907 3178 uranus
929 3115 964 3177 ad
988 3117 1074 3177 arast

343 3237 366 3277 ιι
381 3219 426 3280 Τυ
449 3227 546 3281 tamen
568 3221 712 3281 innocuos
734 3239 834 3281 mores
856 3221 1001 3297 vitamque
1024 3224 1144 3279 secutus

380 3321 512 3401 Sperasti
535 3322 656 3384 meliora
679 3323 765 3393 deos,
789 3323 969 3401 nimiumque
991 3319 1108 3381 solebas

277 3433 280 3438 ·
380 3423 412 3483 in
435 3427 542 3502 pietate
564 3433 615 3485 tua
638 3425 752 3485 subitos
774 3431 965 3485 contemnere
988 3440 1084 3484 casus.

380 3525 455 3597 Quid
480 3528 557 3587 iuvat
578 3528 726 3588 insontem
749 3527 873 3588 vixisset
895 3525 998 3586 eadem
1021 3526 1120 3585 omnia
1143 3527 1243 3603 pravis

381 3628 454 3688 Cum
477 3631 536 3689 sint
557 3638 646 3708 atque
668 3629 769 3692 bonis:
792 3646 853 3689 non
875 3635 921 3690 est
943 3628 1118 3706 dignoscere
1141 3647 1199 3707 qua
1220 3646 1275 3690 nos

342 3746 368 3786 eo
382 3729 519 3791 Soiemur
542 3732 680 3793 mercede
702 3731 757 3811 pii,
780 3739 877 3793 metus
898 3731 1036 3793 omnibus
1057 3731 1135 3791 idem

380 3833 474 3911 Atque
497 3832 599 3894 eadem
622 3851 690 3912 spes
713 3842 771 3904 est,
795 3840 876 3896 errat
897 3833 1066 3894 discrimine
1089 3833 1221 3911 quisquis

383 3933 528 3996 innocuos
543 3934 629 4015 locat
650 3944 739 4015 atque
762 3935 855 3997 malos
877 3937 1001 4014 vitaeque
1023 3935 1174 4013 necisque.

379 4037 416 4095 dt
438 4035 490 4097 tibi
513 4034 685 4115 simplicitas
708 4037 815 4098 borum
838 4055 925 4098 causa
948 4054 1006 4096 una
1028 4035 1191 4112 malorum,

380 4137 423 4197 Ex
445 4145 474 4198 te
497 4155 655 4199 censueras
678 4137 752 4199 alios
774 4156 923 4217 unanrque
945 4137 1072 4219 putabas

341 4255 366 4297 ιι
382 4237 526 4301 Omnibus
548 4257 613 4301 esse
626 4241 740 4308 -ddem,
764 4241 965 4320 quoniamque
987 4240 1033 4301 bis
1055 4241 1118 4319 ipse
1140 4258 1274 4309 careres,

175 4423 209 4439 ''
244 4423 353 4475 Ulrichi
371 4425 489 4476 Hutteni
508 4430 534 4477 2.
599 4424 711 4494 ¹Ergo]
733 4426 800 4477 carm
819 4425 933 4492 planete
952 4428 1070 4492 erumpit
1087 4428 1227 4478 maestitia.
1285 4423 1390 4492 ³novi]
1409 4430 1473 4492 post

175 4509 317 4561 Eitelvolti
337 4527 354 4560 a
373 4512 480 4577 Lapide
499 4519 621 4563 mortem.
691 4510 703 4544 ⁴
720 4528 773 4563 nee
792 4512 855 4562 adh.
869 4512 907 4562 in.
927 4509 993 4577 fae]
1018 4518 1047 4562 et
1070 4527 1132 4577 quae
1154 4513 1240 4562 etiam
1265 4527 1338 4562 nuno
1357 4512 1472 4562 inimica
1496 4546 1500 4553 ·

176 4601 277 4655 manet,
297 4597 422 4660 quotiens
441 4603 533 4663 potest
550 4614 567 4648 a
585 4597 711 4648 laedendo
729 4613 782 4648 ιιοιι
796 4597 928 4648 abstinet.
992 4597 1134 4659 ⁸Fatum,
1159 4612 1277 4659 eaeoum;
1301 4599 1365 4649 Sora
1384 4614 1401 4648 ιι
1419 4598 1471 4648 deo

176 4680 327 4732 destinata.
348 4681 410 4732 ‘fati
428 4684 565 4748 sortisque
585 4684 693 4733 futuree'
707 4683 850 4733 coniunxit
865 4683 1018 4749 Verp.Aen.
1033 4683 1065 4735 X.
1078 4680 1138 4732 501.
1179 4681 1200 4714 ¹³
1214 4683 1285 4733 elios
1298 4687 1324 4735 2.
1369 4681 1390 4715 ¹⁹
1403 4683 1471 4732 Cum

175 4768 232 4816 sint
249 4784 318 4817 corr.
332 4773 362 4820 11.
381 4766 490 4819 Cedunt
507 4772 531 4818 1.
544 4784 600 4834 sqq.
656 4767 708 4801 ¹²²⁰
725 4784 775 4819 nos
793 4769 918 4819 Solemur
935 4785 1004 4820 corr.
1022 4775 1052 4823 11.
1064 4784 1095 4820 so
1114 4766 1243 4818 Solantur
1262 4771 1318 4818 t.2.

1183 4855 1248 4916 26*
