3294 5408
156 424 246 459 BPlB’l'·
258 424 397 460 vnnnottrs
407 424 514 459 GYHBRI
524 423 625 460 CVSANI
635 424 670 458 DE
680 423 778 459 BXVBT.
786 423 1030 461 nrnnnn.nvrnttn1
1040 424 1074 458 BT
1085 421 1327 459 GRVH-SARCTOR.
1342 392 1416 465 463

123 592 200 646 rant.
235 583 381 640 mendaciis
403 602 460 640 rem
490 584 613 657 adgressi
643 591 722 646 sunt,
757 591 785 638 et
814 583 922 657 quidem
952 593 1004 638 tam
1037 583 1154 657 apertis,
1192 590 1224 639 ut
1251 600 1331 639 nenio
1359 600 1415 639 non

123 668 296 744 quantumvis
319 668 454 725 lusciosus
475 668 479 742 Ι
498 668 571 726 elare
585 669 702 724 videret.
727 678 862 741 suggestu
877 667 1044 724 sacrificulus
1061 667 1106 724 ille
1121 667 1316 725 monachornm
1332 685 1416 742 opera

123 763 151 810 et
172 761 325 810 commento
348 756 499 810 instructus
523 755 554 810 ad
577 753 708 828 populum
732 761 806 821 tanta
829 753 995 827 impudentia
1025 753 1155 810 detonare
1184 770 1268 811 ansus
1295 761 1352 817 est,
1383 760 1414 808 nt

124 839 280 909 mendacia,
311 856 429 912 quorum
452 839 523 895 bona
553 857 617 912 pars
639 840 795 895 auditorum
829 839 909 894 etiam
943 839 1052 895 conscia
1075 837 1141 901 fuit,
1174 838 1302 912 perfricta
1325 838 1416 894 fronte

101 934 215 981 tenram
237 925 346 979 mentiri
369 942 424 980 non
439 924 588 980 erubuerit.
617 925 658 979 Ad
672 941 769 996 rogum
794 924 916 997 quidem,
939 924 1083 980 bernensis
1105 923 1327 996 conflagrationis
1349 915 1415 997 typo

122 1016 292 1071 extructum,
315 1009 481 1066 declamator
503 1009 548 1065 ille
573 1010 742 1082 nugivendns
765 1009 874 1065 adstans
897 1009 1079 1083 imperatorie
1100 1009 1249 1065 maiestatis
1265 1018 1293 1065 et
1314 1009 1416 1082 princi·

123 1112 187 1168 pum
203 1096 445 1167 septemvirorum,
469 1112 552 1170 penes
575 1112 646 1168 quos
661 1095 793 1152 Caesarem
815 1094 974 1168 designandi
990 1095 1033 1149 ius
1049 1101 1089 1150 est
1106 1102 1135 1149 et
1149 1101 1282 1168 potestas,
1299 1109 1414 1150 assensn

122 1179 234 1235 Lutheri
258 1180 378 1235 heretici
401 1179 503 1242 libros,
528 1188 716 1242 monumenta,
740 1198 801 1253 quae
824 1189 853 1235 ut
877 1179 1025 1254 posteritas
1047 1177 1151 1235 coleret
1174 1178 1298 1252 indigua,
1326 1178 1415 1252 palam

122 1265 305 1326 concremari,
335 1265 485 1321 induratam
509 1267 625 1321 hominis
648 1283 703 1322 non
727 1264 838 1321 ferendo
861 1282 955 1320 errore
977 1264 1076 1337 insigni
1100 1273 1281 1320 sacrosancte
1304 1271 1416 1337 aposto·

93 1349 185 1406 totiena
215 1349 357 1407 sententias
385 1350 457 1405 farto
486 1351 662 1424 pertinaciam
690 1349 824 1406 testando.
859 1349 974 1406 illorum
1002 1351 1067 1405 item
1096 1357 1158 1428 tam*
1180 1348 1322 1422 probando
1351 1357 1415 1405 voto

124 1434 153 1490 S.
177 1433 206 1489 Ρ.
229 1433 259 1502 Q.
284 1433 471 1491 coloniensem
500 1444 658 1492 constanter
686 1435 818 1509 singulari
849 1434 963 1509 quadam
992 1435 1032 1490 rei
1061 1434 1222 1508 indignitate
1250 1442 1416 1490 commotum

124 1518 309 1581 subscribere,
345 1520 378 1575 iis
407 1520 537 1594 et'longe
560 1522 686 1597 pluribus
709 1520 873 1595 impudentis
896 1520 1026 1576 mendacii
1054 1520 1097 1576 sni
1127 1519 1222 1578 naeniis
1254 1518 1340 1575 seculi
1363 1519 1416 1575 iste

124 1605 251 1661 sacerdos
279 1604 443 1679 impietatem
473 1607 543 1662 lianc
571 1608 704 1664 adornare
727 1607 753 1662 in
782 1605 862 1679 plebe
892 1604 1003 1661 molitus
1025 1614 1076 1662 est.
1110 1603 1185 1672 Quo,
1208 1604 1314 1661 Christe
1336 1604 1479 1665 bonetto

124 1690 255 1763 respicis?
281 1706 345 1746 num
361 1693 429 1747 hanc
444 1700 548 1765 pestem
568 1691 682 1747 fulmine
698 1691 842 1765 aliquando
858 1690 1014 1746 disturbas?
1036 1690 1251 1751 budent,·nullo
1267 1697 1418 1750 aversante,

92 1790 173 1831 ranec
204 1775 283 1831 deum
306 1776 475 1832 hominemne
499 1776 616 1833 ultorem
641 1778 707 1833 tanti
731 1776 842 1832 sceleris
864 1785 1004 1839 verentes,
1033 1774 1121 1848 palam
1151 1793 1211 1849 quae
1240 1773 1340 1830 diaboli
1363 1775 1418 1830 fer·

124 1869 218 1916 mento
240 1869 318 1916 eruta
340 1869 405 1916 sunt
426 1862 563 1919 mendacia
585 1880 646 1919 cnm
662 1862 762 1917 Cbristi
786 1861 925 1934 evangelio
947 1862 1030 1917 mixta
1051 1859 1155 1935 populu
1170 1861 1329 1934 praedicare.
1352 1858 1418 1926 Quis

123 1944 175 2002 lroe
198 1953 356 2019 serpentum
385 1954 413 2001 et
440 1947 592 2020 viperarum
620 1965 708 2021 genus
736 1945 837 2002 diaboli
859 1963 951 2002 semen
980 1962 1041 2003 esse
1068 1962 1123 2001 non
1145 1945 1228 2007 dicat,
1263 1945 1309 2018 qui
1332 1951 1418 2017 patris

123 2029 188 2086 ludo
206 2030 325 2086 instituti
350 2038 402 2086 tam
425 2032 603 2089 inverecunde
627 2032 728 2105 absque
752 2031 824 2088 omni
848 2039 921 2087 rnatu
944 2031 1044 2105 passim
1068 2030 1175 2087 mentiri
1198 2039 1251 2087 tam
1274 2029 1419 2102 insigniter

125 2132 180 2172 non
203 2113 385 2172 erubescunt?
407 2115 487 2178 Esto.
511 2118 676 2192 imperatore
698 2117 880 2178 connivente,
914 2117 986 2189 qnod
1010 2124 1041 2172 ut
1063 2116 1169 2172 credam
1193 2131 1324 2190 perquam
1347 2111 1419 2169 diffi-

91 2199 176 2256 aocile
199 2202 326 2264 inducor,
356 2210 387 2256 ut
415 2219 448 2257 ne
470 2204 611 2258 mandasse
634 2203 742 2276 quidem
771 2210 875 2258 tanturn
898 2203 981 2258 beroa
1008 2201 1093 2258 dicam
1122 2200 1226 2257 facinus
1254 2198 1333 2261 illud,
1370 2215 1419 2273 per

125 2303 172 2341 vos
195 2286 263 2341 mira
286 2287 417 2360 vaplrritia
441 2289 631 2351 commissum;
665 2289 731 2344 adde
762 2295 789 2343 et
822 2287 927 2361 aliquot
949 2286 1069 2343 eiusdem
1092 2288 1238 2360 unguenti,
1278 2302 1347 2359 quos
1376 2283 1417 2340 vel

125 2378 201 2444 tyara
223 2371 343 2428 llomano
376 2372 497 2446 pontiflci
531 2374 675 2430 admodum
708 2373 838 2435 devincit,
873 2373 943 2427 votis
976 2373 1073 2429 vestris
1106 2370 1251 2428 eonsilium
1285 2385 1418 2444 opemque

124 2455 235 2511 tulisse:
261 2464 324 2512 tune
339 2457 471 2530 proinde,
488 2460 694 2515 mendacissime
709 2458 887 2532 praedicator,
911 2465 1048 2532 quotquot
1064 2457 1177 2513 aderant
1198 2453 1336 2530 principes
1358 2454 1417 2517 riri,

124 2557 172 2596 eos
194 2541 257 2597 buic
279 2542 419 2615 tragediae
442 2544 579 2600 involvere
601 2561 684 2600 ansus
700 2546 747 2600 es?
770 2544 858 2600 credis
881 2550 924 2598 tot
940 2544 1079 2600 bominum
1095 2541 1169 2598 mille
1192 2541 1266 2597 milia
1283 2550 1336 2597 tarn
1357 2555 1419 2596 esse

90 2626 265 2699 esstupidos,
296 2635 327 2682 ut
354 2628 503 2684 multorum
535 2630 688 2702 ignorantia
717 2628 869 2701 principum
898 2629 987 2684 scelus
1019 2636 1094 2683 tuum
1123 2626 1282 2699 adgressum
1312 2633 1339 2681 te
1362 2641 1415 2681 non

126 2711 231 2767 videant
254 2711 489 2785 intellegantque?
523 2713 644 2780 Quorum
668 2714 691 2769 si
714 2707 808 2790 aliiqui
831 2715 913 2770 etiam
939 2730 971 2768 en
994 2712 1139 2786 precipuis
1162 2711 1328 2778 adfuissent,
1351 2709 1474 2765 mihil-¹¹

124 2796 218 2858 crede,
242 2804 280 2858 tu,
304 2797 473 2871 ineptissime
497 2798 646 2871 impostor,
670 2815 750 2870 quam
773 2814 827 2853 non
850 2796 946 2871 procul
976 2797 1109 2871 apopuli
1131 2795 1265 2852 seditione
1294 2796 1321 2850 in
1344 2802 1417 2850 tuam

124 2881 271 2954 perniciem
295 2879 415 2937 abfuisse
437 2882 560 2938 diceres?
583 2891 610 2938 et
632 2882 733 2955 dignus
756 2882 864 2955 quidem
893 2883 945 2938 boc
968 2880 1105 2955 stipendio
1128 2880 1351 2937 mendacissimus
1373 2880 1419 2935 de·

125 2965 283 3023 blaterator.
307 2967 354 3021 sed
378 2975 406 3021 tu
431 2967 479 3022 tibi
496 2968 622 3041 prospice
644 2984 723 3041 quam
740 2974 819 3040 potes
835 2966 949 3022 maxime
965 2966 1127 3040 prudenter,
1149 2964 1276 3022 liniendae
1298 2964 1418 3021 nondum

91 3050 266 3112 scabierunt,
290 3051 406 3107 Senatus
426 3060 558 3125 praeterea
582 3071 660 3127 quam
684 3052 824 3126 egerrime
848 3061 924 3108 tuum
947 3051 1091 3108 infamandi
1115 3052 1213 3108 rictum
1228 3059 1256 3106 et
1271 3049 1418 3107 mentiendi

127 3135 320 3209 impudentiam
343 3136 451 3200 tulerit,
476 3145 534 3193 tute
557 3137 606 3193 tibi
629 3138 734 3194 abunde
758 3138 837 3194 testis
859 3154 901 3199 es,
926 3137 991 3211 qui,
1014 3146 1044 3192 ut
1067 3137 1234 3211 pertinacius
1251 3144 1297 3193 tuo
1314 3135 1419 3208 flagitio

124 3237 221 3295 posses
244 3222 424 3295 patrocinari,
455 3232 575 3279 sanctam
598 3225 666 3280 tanti
689 3224 865 3296 magistratus
887 3222 1070 3296 integritatem
1092 3221 1284 3296 impurissimis
1300 3221 1356 3277 oris
1381 3223 1418 3277 tui

125 3426 177 3471 est.
197 3421 323 3471 Veritnte
342 3422 411 3473 nibil
430 3428 573 3488 poterant:
593 3424 755 3486 mendaciis,
776 3427 805 3472 et
824 3424 932 3489 quidem
951 3428 1008 3472 tam
1027 3422 1140 3487 apertis,
1160 3426 1191 3471 ut
1208 3437 1289 3472 nemo
1306 3437 1362 3472 non
1379 3423 1419 3472 vi·

124 3506 214 3565 deret,
235 3522 292 3556 rem
311 3507 436 3573 adgressi
455 3514 525 3559 sunt.
556 3509 645 3570 Quum
664 3510 736 3559 enim
756 3507 911 3558 cucullatus
929 3507 977 3557 ille
996 3497 1098 3558 nebulo
1116 3506 1150 3556 de
1169 3511 1304 3574 suggestu
1323 3507 1357 3557 ad
1375 3523 1419 3557 ro-

90 3607 203 3656 aagum,
223 3606 303 3656 quem
321 3592 357 3642 ad
374 3599 469 3658 typum
487 3594 636 3643 Beruensis
656 3594 882 3660 conflagrationis
902 3597 1091 3654 extruxerant,
1117 3591 1287 3658 gaudialiter
1303 3592 1419 3642 detona-

125 3681 182 3739 ret,
203 3683 232 3726 et
248 3677 340 3727 neniis
358 3679 416 3727 suis
436 3679 542 3743 aliquot
561 3678 688 3729 aniculas
707 3681 735 3728 in
754 3678 892 3745 singultus
911 3679 1061 3741 excitarat,
1086 3676 1179 3742 palam
1197 3678 1353 3728 vociferare
1371 3692 1419 3728 an·

124 3775 170 3811 sna
190 3766 245 3811 est:
265 3763 454 3827 Imperatoriae
472 3765 637 3822 maiestatis,
657 3765 775 3814 omnium
794 3764 953 3814 Electornm
970 3765 1125 3829 principum
1143 3763 1283 3825 mandato,
1302 3763 1420 3813 Lutheri

124 3845 252 3896 haeretici
275 3846 362 3898 libros
384 3862 456 3897 nunc
481 3863 542 3898 esse
566 3850 625 3914 igni
649 3850 780 3899 traditos:
805 3864 917 3914 qnorum
942 3850 1008 3921 item
1026 3855 1091 3900 voto
1111 3848 1137 3899 S.
1151 3849 1182 3898 P.
1197 3849 1230 3910 Q.
1244 3848 1419 3899 coloniensis

126 3936 287 3982 constanter
309 3933 506 3983 subscriberet.
543 3933 594 3982 llis
617 3934 711 3984 verbis
735 3941 763 3983 et
786 3934 872 3984 multo
890 3934 1061 4000 longioribus
1080 3933 1115 3983 ad
1133 3933 1242 3998 plebem
1259 3934 1420 3984 vociferans

91 4030 116 4069 tu
126 4018 280 4068 mendaciis
297 4024 355 4067 tam
374 4018 578 4088 impudentibus
598 4034 653 4068 rem
673 4021 864 4070 commendare
884 4025 999 4069 conatus
1018 4024 1070 4068 est.
1089 4019 1237 4069 Multorum
1256 4020 1328 4069 enim
1341 4019 1418 4067 Prin·

125 4102 216 4166 cipum
235 4103 396 4168 ignorantia
416 4103 525 4152 facinus
544 4109 651 4153 tantum
675 4103 821 4169 expletum.
858 4106 894 4155 Et
917 4106 940 4154 si
960 4105 1083 4169 qnidam,
1110 4119 1178 4169 qnos
1197 4104 1322 4154 Christus
1340 4102 1420 4153 nobis

124 4186 171 4235 diu
190 4192 295 4249 servet,
316 4188 485 4249 adfuissent,
506 4203 522 4237 a
540 4189 677 4239 seditione
697 4190 838 4254 negotium
856 4189 908 4239 hoe
927 4205 981 4239 non
1000 4189 1081 4255 longe
1102 4190 1225 4239 abfuisse
1244 4189 1371 4250 videres,
1391 4195 1420 4238 et

124 4270 210 4335 digna
229 4272 336 4337 quidem
356 4271 495 4322 Aleandro
515 4278 542 4323 et
560 4273 704 4324 monacbis
722 4290 828 4325 merces
847 4275 965 4324 reddita.
984 4274 1032 4324 sed
1051 4274 1169 4324 nondum
1189 4273 1318 4323 kalendae
1336 4287 1420 4323 vene·

125 4361 195 4405 runt.
221 4358 341 4406 Senatus
353 4359 419 4407 item
433 4373 514 4423 quum
527 4374 601 4422 aegrc
616 4359 711 4409 tulerit
724 4359 776 4409 hoc
797 4361 824 4409 iu
842 4377 872 4410 ae
892 4359 1090 4425 proclamatum
1110 4375 1126 4408 a
1145 4358 1258 4409 diabolo
1276 4360 1331 4408 isto
1344 4373 1420 4407 men·

91 4440 243 4504 redactum,
265 4447 381 4493 eventus
400 4444 460 4509 ipse
479 4443 581 4493 docuit.
608 4445 722 4494 Missum
742 4445 813 4493 enim
834 4461 850 4494 a
869 4445 995 4510 patribus
1013 4446 1041 4494 in
1060 4447 1181 4509 ipsorum
1200 4443 1333 4493 cacobum
1352 4441 1420 4506 (coe-

124 4526 236 4575 nobium
256 4495 392 4589 volebam,
413 4528 508 4593 lapsus
526 4528 596 4589 snm)
615 4528 680 4594 qnid
698 4528 769 4578 talia
788 4530 817 4578 in
836 4529 862 4579 S.
877 4530 908 4579 P.
922 4530 956 4591 Q.
970 4529 1163 4579 coloniensem
1182 4528 1310 4578 ementiri
1327 4528 1421 4593 palam

191 4696 201 4727 ⁵
221 4699 331 4748 erubuit
350 4703 373 4748 1.
389 4704 416 4746 G.
474 4697 496 4729 ²⁴
515 4698 603 4749 millia
623 4705 650 4750 G.
703 4697 726 4729 ’θ
744 4699 878 4749 Kalendis
897 4698 1075 4750 exsolvuntur
1093 4698 1194 4748 debitae
1213 4699 1339 4763 pecuniae
1357 4713 1419 4751 usn·

124 4798 226 4847 raeque.
634 4783 657 4815 ³⁰
675 4784 783 4851 plebem
801 4789 827 4834 2.
