3294 5408
443 412 565 448 uvr‘rnrtr
579 413 608 447 nt
622 411 736 447 Lousios
750 410 938 454 QVBBELABV!
950 410 1035 445 mun
1047 411 1198 448 BEGVNDVG·

378 565 423 628 Nil
446 583 500 645 ego
523 567 560 629 de
582 566 699 629 famulis
721 586 828 647 querar
851 575 883 628 ut
905 566 1080 628 facientibus
1101 567 1189 628 illud:

327 690 353 732 so
460 669 579 749 Cogitur
601 689 617 730 a
639 671 759 731 domino
781 669 895 731 subdita
919 668 1004 730 turba
1027 687 1097 730 suo:

377 771 443 850 lpse
464 771 545 833 dabit
567 790 666 851 paenas
688 773 835 833 commissi
857 773 976 833 Loesius
997 778 1097 841 autor,

461 874 527 952 lpse
550 876 606 936 erit
626 875 744 950 ingenio
766 875 842 934 iusta
864 875 966 952 rapina
988 891 1064 934 meo.

376 975 504 1037 Vertitur
526 978 555 1036 iu
577 974 706 1039 subitum
728 977 807 1037 mitis
828 986 932 1036 natura
955 976 1085 1037 furorem

325 1098 350 1139 as
457 1077 493 1138 El
515 1084 612 1139 moret
632 1079 739 1139 iratum
761 1087 819 1139 tam
843 1078 919 1139 buna
941 1095 1029 1139 causa
1052 1077 1195 1138 animum:

376 1179 493 1259 Arripui
515 1179 660 1241 calamum
681 1182 839 1260 rapiorque
861 1179 1026 1241 furentibus
1048 1181 1139 1240 ausis:

461 1280 502 1343 lla
525 1285 637 1344 veniam
659 1284 776 1361 caeptis,
799 1301 904 1360 magne
926 1290 1023 1363 poeta,
1047 1282 1135 1350 meis;

376 1383 439 1464 lpsa
463 1401 545 1445 suam
568 1387 663 1463 poscit
684 1386 840 1446 vindictam
862 1387 982 1453 iniuria,
1005 1402 1061 1445 nec
1082 1402 1129 1444 me

324 1509 350 1551 ua
456 1487 563 1548 Ulcisci
584 1487 641 1547 hoc
663 1486 716 1547 alia
739 1487 913 1549 condicione,
932 1487 1032 1548 decet:

376 1587 420 1650 Tu
443 1606 561 1669 quoque
582 1590 624 1649 sic
646 1587 731 1650 laesus
754 1590 895 1650 fruereris
919 1587 1024 1649 talibus
1046 1589 1152 1655 armis,

461 1691 554 1763 Quem
578 1694 697 1752 memini
719 1693 801 1753 duris
823 1706 900 1769 saepe
923 1708 1030 1751 nocere
1053 1690 1160 1757 modis,

376 1795 470 1867 Quem
492 1795 612 1855 memini
634 1796 773 1856 meritum
796 1800 957 1855 vertentem
981 1795 1010 1853 iu
1032 1794 1163 1853 carmina
1186 1791 1278 1853 telum

324 1919 350 1960 aa
457 1897 533 1957 Lara
557 1899 649 1975 magis
671 1904 750 1957 moto
772 1898 862 1957 fraena
885 1896 1001 1956 dedisse
1023 1895 1121 1954 auimo
1329 1871 1339 1890 ⁰

376 1999 412 2059 Et
434 1999 548 2078 Stygias
571 2000 695 2060 movisse
717 2000 811 2068 faces,
834 1999 993 2076 sumpsisse
1015 1997 1146 2057 furorem

459 2100 495 2161 Et
514 2107 609 2161 totum
632 2100 697 2161 telis
718 2100 873 2163 incaluisse
895 2102 961 2161 tuis

374 2204 488 2276 Quaeris
502 2220 539 2263 aa
553 2201 617 2263 baec
632 2193 761 2272 maneat,
778 2220 865 2281 quam
881 2210 966 2270 tunc,
983 2202 1114 2268 fortuna.
1131 2200 1277 2262 ferebam:
1344 2199 1457 2280 {mm

324 2328 350 2369 us
457 2305 537 2365 Pune
551 2300 666 2374 metus,'
679 2304 834 2384 pulchrum
851 2312 894 2366 est
908 2323 957 2364 res
972 2322 1037 2364 mea
1053 2312 1137 2364 nacta
1152 2312 1275 2377 statum:

375 2406 511 2469 Nondum
535 2406 668 2468 convalui
691 2415 770 2467 totus
792 2409 926 2486 viresque
948 2409 1062 2486 recepi,

459 2510 533 2589 Spes
554 2516 652 2571 tamen
675 2517 719 2570 ost
739 2511 831 2570 ratior
853 2527 940 2588 quam
964 2510 1016 2569 fuit
1039 2515 1105 2569 aute
1128 2508 1213 2568 milri:

374 2610 560 2672 llostocbiam
583 2611 676 2691 spolio
698 2612 801 2673 deveni
823 2612 971 2673 praelusio
994 2610 1114 2677 cubem,

325 2735 362 2776 roo
457 2714 556 2776 luveni
579 2712 681 2775 doctos
703 2714 832 2792 qualibet
854 2721 917 2775 arte
941 2715 1032 2779 viros.

373 2816 473 2877 luveui
496 2815 595 2876 faciles
618 2825 646 2877 et
667 2814 809 2877 libertatis
831 2819 953 2883 amicos,

457 2916 559 2979 Omnia
582 2918 704 2996 pulchra
727 2921 819 2996 magis
842 2917 1014 2980 credulitate
1036 2923 1100 2978 tua:

373 3021 420 3081 Sic
442 3039 489 3080 me
510 3021 662 3090 iuverunt,
685 3024 723 3082 ita
746 3039 811 3081 sum
833 3027 986 3100 susceptus
1008 3020 1045 3080 ab
1068 3020 1138 3088 illis,
1262 3018 1453 3108 {ffipmgff

323 3144 359 3185 ror
455 3121 492 3183 Ut
513 3122 612 3183 ridear
634 3125 727 3202 patria
749 3142 807 3184 nou
830 3122 934 3201 procul
957 3142 1022 3183 esse
1045 3142 1118 3184 mea.

371 3224 440 3285 llaec
462 3243 527 3285 mea
550 3226 669 3286 fortuna
692 3234 751 3295 est,
776 3226 827 3288 sed
851 3225 969 3286 lessius
992 3225 1039 3285 ilia
1062 3229 1172 3304 rumpit

456 3327 492 3387 llt
513 3326 589 3387 faede
611 3329 704 3387 nostri
726 3327 815 3406 pallet
836 3327 872 3388 ab
895 3328 1017 3395 invidia,

372 3428 556 3508 Exercetque
579 3446 669 3490 noras
691 3449 830 3492 successu
854 3431 995 3508 temporis
1017 3430 1090 3497 iras,
1111 3498 1113 3502 ,

322 3551 359 3591 rm
453 3531 514 3593 Noc
538 3531 621 3591 rideo
644 3531 737 3610 culpae
759 3533 928 3613 paenituisse
951 3551 1020 3593 suae.

371 3634 518 3704 Peraituit,
542 3652 613 3696 suus
634 3642 668 3694 ut
689 3637 828 3715 princeps
849 3636 986 3696 irascitur
1008 3632 1065 3703 illi,

455 3736 491 3796 Et
512 3737 580 3815 quia
603 3742 750 3798 tammum
774 3745 818 3801 est
840 3739 958 3798 conscia
980 3754 1064 3797 meus
1086 3734 1247 3805 scelerum;

371 3836 482 3898 Deinde
504 3838 562 3897 mei
585 3846 708 3899 caanctos
730 3840 795 3918 quia
820 3840 1036 3900 commiseratio
1059 3839 1150 3918 oepit,

319 3959 356 4000 ua
450 3939 595 4017 Quodque
616 3957 669 4000 sua
692 3943 784 4001 nostri
805 3942 874 4001 vivit
895 3936 1023 4002 in'urbo
1045 3940 1136 4007 favor,

232 4029 234 4032 ⁵
369 4041 443 4102 lluic
465 4041 553 4119 igitur
576 4044 700 4120 parcas?
724 4050 773 4102 aut
795 4062 842 4104 me
864 4045 992 4122 parsisse
1015 4042 1147 4103 iubebis?
1248 4038 1452 4130 52:2⁴3&ssss

453 4143 489 4203 Et
509 4151 593 4222 potes
615 4143 671 4204 lroc
693 4163 777 4223 aequo
799 4153 920 4223 pectore
942 4147 1021 4206 forre
1043 4143 1174 4223 ueplras?

233 4350 257 4383 ⁸⁰
273 4349 347 4403 turbu
365 4353 389 4401 1.
440 4347 461 4382 ⁰¹
479 4361 569 4413 pacatus
587 4350 610 4397 1.
664 4354 769 4412 auctor,
788 4353 846 4401 m.
899 4349 920 4382 ⁸⁸
939 4349 1096 4400 conditione
1109 4352 1168 4403 2.a.
1221 4346 1242 4381 ⁸⁸
1261 4348 1320 4400 Nou
1337 4351 1376 4401 fta
1391 4366 1454 4403 m

165 4437 242 4486 decta
261 4441 320 4486 aaut
342 4433 475 4486 Eoduafcu
497 4449 555 4500 quoe
576 4441 711 4498 supersunt
733 4437 855 4485 carmina.
924 4433 947 4466 ⁰²
971 4435 1050 4485 frons
1068 4438 1094 4484 2.
1103 4437 1129 4485 3.
1199 4430 1221 4464 ⁸⁸
1244 4434 1377 4485 sumsisse
1397 4438 1462 4515 ²'3'e

165 4518 189 4550 ¹⁶
206 4518 305 4573 uanis
323 4523 346 4569 f.
415 4523 454 4582 tur
472 4522 496 4568 f.
565 4517 588 4550 ¹⁷
605 4519 696 4581 rstsspf
716 4522 739 4568 t.
812 4518 841 4552 ¹⁰¹
862 4520 1012 4585 Adsma’prit
1027 4526 1077 4570 aet.
1094 4519 1176 4569 mam
1190 4518 1321 4569 eliberi„
1336 4521 1452 4571 amisos:

167 4604 232 4668 „qui
250 4619 304 4655 nou
323 4605 390 4655 sinit
408 4603 493 4655 alicui
511 4604 648 4654 bominum
667 4604 795 4655 iniurium
813 4604 910 4655 inferri
929 4604 974 4655 vel
992 4603 1100 4655 illatam
1119 4603 1289 4654 ulciscitur”.
1362 4603 1396 4637 ¹⁸⁵
1412 4605 1454 4669 flu

167 4690 191 4736 l.
243 4686 275 4720 ¹⁰⁸
292 4689 342 4750 fata
360 4692 383 4738 1.
437 4688 469 4721 ¹⁰⁸
487 4688 613 4753 penituids
632 4693 656 4738 f.
675 4690 848 4754 poenituisse
866 4693 927 4741 2.3.
981 4688 1012 4722 ¹⁰⁹
1029 4691 1162 4754 penituit:
1183 4693 1206 4740 1.
1226 4689 1378 4751 Paenituit,
1396 4692 1452 4742 Μ.

165 4770 304 4839 princeps]
317 4772 472 4840 Boguslaus
483 4774 517 4824 X.
531 4774 567 4824 of.
581 4773 630 4824 lib.
644 4775 665 4824 1.
681 4773 751 4839 cleg.
766 4775 790 4825 5.
838 4773 868 4806 ¹¹¹
881 4775 1010 4838 cuspitzf.
1059 4774 1198 4842 ¹¹²tllq31.
1248 4773 1282 4809 ¹¹⁴
1300 4773 1451 4826 nefasta
