3294 5408
412 1051 453 1092 AB
474 1052 762 1099 correctnessluos
782 1055 825 1097 ΕΤ
841 1055 1089 1101 teet'srretsstteos

377 1143 492 1200 seret
521 1145 673 1202 ROMANI
700 1147 866 1204 IMPERII
890 1149 1118 1207 ELECTORES

568 1256 777 1309 necrorosore
790 1259 926 1302 roretros

475 1412 478 1417 .
501 1344 543 1394 IN
561 1345 732 1398 obsoleto
750 1349 994 1407 AVGVSTENSI

441 1450 695 1508 GERMANOR
709 1454 769 1510 VM
799 1454 1051 1512 PRINCIPES

477 1564 648 1616 .CAItMEN
664 1567 930 1620 exuberarent
934 1571 997 1620 VM.

304 1703 475 1777 Mapnanimi
492 1720 643 1778 proceres,
662 1725 778 1780 quornm
799 1711 936 1782 sapientia
957 1720 1050 1767 nostro

304 1790 365 1845 Non
387 1797 459 1861 epet,
481 1796 507 1845 et
528 1792 613 1847 claris
634 1795 720 1849 uirtus
740 1797 864 1851 exercita
884 1794 985 1867 factis,
1142 1864 1148 1874 ι

304 1875 435 1941 Consilio,
457 1883 546 1931 tamen
567 1876 629 1932 boec
646 1893 787 1951 propenso
809 1898 827 1934 a
851 1881 936 1936 corae
955 1882 1060 1936 clientis

304 1960 371 2028 011ae
392 1964 501 2017 vertiunt
512 1962 644 2030 -bumitis,
666 1980 728 2036 qnae
750 1965 834 2020 dictat
851 1968 943 2037 opinio
964 1968 1034 2021 recti

277 2045 509 2122 oQuaiiacunque
526 2048 589 2103 boui
609 2064 668 2103 mea
690 2050 775 2117 dicta,
792 2050 885 2121 fidelia
906 2052 1015 2120 saitem,

302 2131 436 2188 Consulite
457 2140 537 2204 atque
558 2135 617 2188 imis
632 2134 763 2191 admittite
782 2136 906 2191 sensibus
926 2153 984 2191 oro.

301 2216 409 2290 Inclyta
428 2219 570 2289 proeterito
593 2218 743 2275 Germania
765 2226 885 2292 tempore
906 2224 1035 2277 inunum

301 2302 382 2375 Saepe
402 2319 488 2376 super
509 2319 605 2359 rerum
624 2306 768 2360 uariarum
790 2308 860 2362 mole
878 2309 971 2368 coivit,-

300 2388 409 2445 Nullius
430 2395 474 2444 ast
492 2389 560 2444 atico
578 2388 635 2462 suit
655 2398 801 2461 eupectata
823 2393 961 2457 noluntas,

264 2490 287 2528 to
301 2474 391 2531 Huius
413 2482 442 2530 ut
461 2482 513 2543 cst,
535 2474 609 2547 qnod
629 2491 703 2531 nunc
725 2476 894 2544 celebratur,
919 2485 945 2531 et
968 2478 1059 2533 caitus
1080 2478 1147 2533 abni

300 2561 425 2626 Conciti,
446 2578 500 2632 qno
516 2562 587 2614 nina
603 2561 681 2616 satus
701 2578 756 2617 non
779 2563 860 2617 unius
878 2561 969 2628 urbis,

301 2646 363 2701 Non
383 2647 497 2718 popuii,
518 2652 547 2699 at
563 2645 631 2717 fidei
646 2648 749 2718 pendet
767 2661 831 2718 spes
852 2649 976 2703 manime
999 2655 1117 2716 nostrie,

299 2730 450 2803 Suspenso
470 2731 538 2804 qaut
557 2739 647 2787 oestro
668 2729 747 2804 ferat
763 2735 913 2800 sententia,
930 2720 1061 2805 'reurtquiti

299 2816 415 2872 Publica
437 2831 484 2873 res
505 2815 606 2873 Christi
622 2818 791 2873 reuirescere
812 2817 909 2874 debeat
922 2820 972 2873 isto

262 2914 285 2953 15
303 2902 437 2975 Tempore
457 2903 499 2959 oet
520 2918 676 2975 nunquam.-
695 2900 783 2973 saeite
803 2910 844 2958 est
864 2917 1004 2974 emerpere
1020 2920 1118 2976 quam,
1140 2907 1166 2959 si

299 2988 391 3060 Stirpe
412 2988 572 3043 reciduntur
591 3004 653 3059 quoe
674 2987 815 3043 obstacula
834 3005 927 3059 parua
949 2989 1091 3054 resistunt,

297 3073 334 3128 Et
354 3089 400 3130 ros
420 3075 564 3129 unanimes
583 3074 609 3127 si
624 3080 720 3145 sponte
741 3088 887 3144 capessere
906 3073 1014 3128 tanatem

298 3160 452 3236 Imperium
473 3166 500 3213 et
519 3173 617 3213 euram
639 3160 790 3214 commissoe
810 3159 968 3231 impendere
987 3160 1051 3215 moli

304 3246 389 3303 Vuttis
409 3252 435 3300 et
456 3245 566 3316 antiquo
587 3246 722 3299 maiorum
744 3259 820 3299 more
841 3246 925 3299 tueri.-

259 3342 284 3382 no
297 3331 341 3388 Aa
358 3332 432 3404 quoti
448 3335 529 3386 erant
550 3331 677 3402 eseempta
699 3332 767 3385 satis
785 3345 833 3385 oos
847 3331 946 3402 prisco
970 3344 1092 3395 mouere,

298 3416 354 3473 Sea
372 3418 511 3487 promissa
530 3414 600 3487 fides
622 3423 648 3470 et
669 3417 716 3471 toti
734 3414 820 3470 debita
840 3415 940 3470 mundo

296 3502 435 3569 Postulat,
454 3502 563 3572 imperii
584 3499 740 3556 Germanis
757 3501 863 3572 oripine
879 3507 1026 3572 postquam

299 3587 415 3644 Carolus
436 3605 452 3642 a
474 3601 559 3641 sacro
580 3587 679 3642 meruit
701 3585 827 3640 diadema
849 3585 953 3653 Leone,

298 3672 432 3729 Redditus
453 3677 478 3727 et
493 3672 611 3743 sceptris
629 3670 664 3725 ab
683 3668 786 3727 Otboue
806 3670 955 3745 Greparms
976 3686 1015 3725 cu
1035 3687 1088 3744 pua

257 3769 282 3809 cs
297 3756 476 3829 Principibus
497 3771 620 3811 summus
641 3757 782 3813 mandauit
802 3758 859 3830 tepe
879 3757 1013 3813 sacerdos
1067 3750 1071 3757 ’

160 3954 322 4020 'preterito
341 3957 482 4023 germania
497 3959 520 4006 1.
568 3958 578 3988 ⁸
597 3957 668 4021 Sepo
680 3961 706 4006 1.
760 3955 780 3989 ¹⁸
799 3958 916 4008 obmisso
929 3960 953 4007 1.
998 3954 1021 3988 ²⁸
1040 3956 1146 4008 Carolus
1159 3956 1198 4007 M.
1212 3973 1228 4006 a
1240 3957 1328 4008 Leone
1341 3961 1384 4009 111.

93 4039 135 4088 die
157 4044 277 4093 amancio
296 4043 391 4094 Cbrieti
408 4060 432 4093 a.
444 4045 503 4092 800.
517 4042 601 4106 (sot.)
617 4048 764 4092 coronatus
827 4042 870 4092 et.
884 4039 952 4108 sqq.]
972 4042 1004 4091 ab
1023 4040 1113 4092 Ottone
1130 4046 1173 4094 111.
1189 4042 1329 4107 Greporiue
1349 4048 1384 4107 9.,

93 4127 137 4190 qui
153 4127 195 4176 die
212 4128 369 4178 ascensionis
386 4144 411 4177 a.
425 4129 482 4176 996.
496 4128 561 4177 ittam
579 4127 665 4176 Itomec
683 4133 864 4183 coronaverat,
888 4143 971 4177 meme
990 4128 1066 4177 Febr.
1081 4145 1106 4178 a.
1119 4130 1194 4191 999,
1212 4133 1304 4179 contra
1323 4129 1384 4179 Cre·

91 4215 212 4262 eecntbtm
229 4216 354 4264 consulem
372 4214 493 4263 &uictum
509 4214 567 4263 sedi
583 4213 733 4277 apostatica»
750 4213 873 4271 restituit,
898 4229 972 4279 quam
995 4228 1045 4263 non
1062 4229 1111 4263 uno
1129 4228 1196 4262 anno
1212 4220 1272 4278 post
1289 4217 1384 4271 tenuit:

91 4299 198 4347 moritur
220 4301 284 4349 enim
302 4299 366 4350 (1.1.
380 4297 457 4348 Febr.
472 4314 496 4347 a.
510 4300 568 4348 999.
587 4299 612 4348 Α
628 4298 752 4363 Greporio
770 4301 798 4348 t'.
813 4300 993 4349 institutionem
1012 4286 1156 4349 Electoru'm
1178 4301 1321 4364 principum
1342 4299 1384 4362 sa-

92 4388 157 4431 ctam
175 4398 243 4441 esee,
268 4385 337 4450 quod
354 4384 523 4434 Bellarmirme
541 4385 630 4445 etiam,
652 4388 719 4434 irretio
737 4391 820 4435 tamen
838 4402 870 4435 ne
885 4385 1019 4450 pontificia
1037 4385 1136 4449 quidem
1153 4384 1275 4434 eiusmodi
1291 4385 1384 4434 consti·

92 4470 187 4518 tutione
203 4473 309 4533 prototo
326 4471 468 4528 contendit,
495 4472 550 4518 otim
575 4470 721 4521 credebant.
746 4478 837 4522 contro
856 4472 924 4536 quod
940 4470 975 4532 es.
988 4486 1011 4518 e.
1023 4485 1064 4534 pr.
1082 4468 1229 4519 Tractatum
1246 4470 1279 4519 de
1296 4476 1382 4519 trane·
1487 4502 1493 4509 -

92 4555 185 4603 tatione
198 4556 298 4619 imperii
310 4556 415 4605 [borroni
426 4571 448 4603 r.
461 4559 484 4603 t.
495 4573 537 4619 op.
554 4556 667 4605 (irrideret.
681 4557 790 4605 Politian
802 4556 867 4620 Imp.
882 4556 923 4617 ΓΙ.
936 4557 1010 4604 1611.
1021 4555 1067 4615 soi.
1078 4557 1142 4604 523.
1151 4570 1207 4620 sqq.
1231 4554 1296 4603 Vide
1309 4557 1383 4603 etiam

94 4637 240 4688 liertbobini
255 4647 322 4689 arnt.
337 4643 412 4690 1518.
425 4656 477 4691 scr.
491 4641 513 4698 ξ.
529 4644 571 4689 39.
585 4638 644 4703 (not.
662 4642 693 4689 Γ.
706 4657 766 4705 opp.
783 4641 855 4690 llutt.
869 4658 895 4704 p.
911 4639 983 4701 255.)
1004 4641 1063 4689 iiem
1080 4644 1187 4705 reponit
1203 4639 1293 4688 rottei·
1305 4637 1381 4703 Sper.

92 4725 140 4772 iur.
153 4723 221 4787 pubi.
234 4726 297 4774 reteri.
311 4729 361 4773 uui
376 4727 408 4773 ‹te
426 4726 610 4774 instauratione
629 4728 728 4789 imperii
747 4727 815 4776 lium.
829 4744 851 4773 r.
867 4725 917 4773 XI.

152 4808 280 4859 vaut
300 4812 367 4860 Ore.
388 4826 451 4860 νοι..
465 4810 517 4859 111.
1124 4817 1162 4877 13
