3360 5414
193 379 262 451 ¹36
281 410 404 447 ΙΙΥΠΙΙΙ
417 408 455 445 ΑΒ
463 408 748 446 οΕΙ.ΙΔΧΙΙΙΜΔῊΙ
762 409 796 444 Π
807 409 918 445 nnncvtt
928 409 957 444 lii
968 408 1092 445 ΥΙΙΙΠΟΒ
1103 408 1475 453 ΡΙΟΙΒΩΜΜΙΙΔΝΙΝΙ,

390 564 513 636 Quando
535 563 636 624 odiosa
659 569 716 624 tum
738 565 813 624 tauta
836 571 880 624 cst
902 562 1056 625 clementia
1077 565 1159 644 pecie

339 687 378 730 no
473 666 673 744 virtutemque
696 673 776 727 tuam
798 667 929 727 criminis
950 668 1042 728 instar
1064 664 1188 737 babent,

390 768 513 842 Quando
535 766 587 828 tibi
610 769 709 829 nocuit
731 768 810 848 quod
832 776 864 830 tu
886 767 1028 848 prodesse
1049 768 1188 848 putabas,

475 870 535 931 lam
558 870 741 932 teodemiro
764 869 832 943 tibi,
856 869 967 942 cesar,
990 872 1020 932 iu
1041 890 1124 933 arma
1145 870 1230 937 licet:

392 972 482 1033 Sume
505 972 619 1033 animos
642 973 817 1052 venumque
838 991 930 1052 naqa:
954 991 1024 1034 num
1048 991 1172 1052 parcere
1194 972 1238 1034 tes
1258 980 1305 1035 est

339 1095 379 1137 ooo
473 1071 530 1144 Qui
550 1077 634 1155 prior
657 1082 686 1136 et
707 1092 795 1136 causa
818 1093 877 1136 non
900 1076 1025 1154 agitatus
1047 1074 1146 1146 obest,

391 1178 448 1239 Aut
469 1176 553 1238 dabis
574 1177 643 1239 buic
665 1178 793 1247 reniam,
817 1179 882 1257 qui,
905 1195 973 1238 cum
995 1178 1183 1258 requiescere
1204 1178 1320 1258 pouit,

475 1278 582 1341 indixit
602 1285 689 1359 rupto
712 1280 822 1341 tendere
843 1277 919 1340 belia
940 1277 1011 1345 tibi?

391 1381 432 1442 De
455 1387 553 1442 tamen
575 1390 605 1443 et
625 1383 715 1442 missu
736 1400 840 1460 pacem
861 1380 970 1461 iargire
992 1379 1109 1451 duello,

339 1502 377 1546 aot
474 1483 505 1544 Si
526 1502 583 1563 pax
607 1502 674 1544 oum
697 1483 814 1546 Venetis
835 1484 1007 1571 suspicione?
1024 1489 1114 1545 curet

389 1583 535 1647 Instabilie
557 1603 674 1648 servare
696 1585 784 1649 fldem
807 1585 1017 1665 nequitbdria
1039 1582 1154 1664 proles:

477 1686 617 1749 Naturam
638 1689 741 1766 patriis
762 1689 851 1749 traxit
872 1687 908 1748 ab
932 1687 1113 1766 aequoribus:

392 1788 485 1851 Nemo
507 1789 556 1851 dat
578 1790 723 1859 Adriaciu
748 1807 914 1870 quanquam
939 1790 1016 1851 videt
1038 1807 1103 1852 esse
1125 1807 1282 1861 serenum,

340 1910 380 1953 soe
476 1889 626 1953 Fluctibus
648 1893 767 1954 inducta
790 1894 887 1953 navita
909 1909 1008 1972 puppe
1030 1891 1134 1953 fldem:

391 1993 454 2054 iloc
475 1995 530 2054 scit
551 2002 639 2055 nauta
661 1995 761 2057 rudis:
783 1994 909 2057 Venetos
931 2003 962 2056 tu
985 1993 1094 2056 todem
1116 1993 1215 2056 credis

472 2095 604 2159 Firmius
626 2096 767 2175 Euganuo
789 2115 875 2175 posse
899 2104 1000 2158 tenere
1020 2097 1112 2166 freto,

391 2197 523 2278 Huicque
545 2198 628 2261 dabis
649 2200 778 2266 venum,
801 2200 866 2277 qui,
889 2200 913 2261 si
936 2206 964 2260 te
986 2207 1085 2277 posset
1106 2199 1136 2259 in
1158 2199 1249 2261 armis

247 2380 252 2391 Ι
342 2320 381 2361 ua
473 2298 613 2370 Vincere,
637 2319 697 2361 nou
718 2302 800 2380 pacis
823 2300 1055 2380 congrederetur
1076 2318 1147 2380 ope.

393 2401 450 2473 Qui
472 2404 564 2463 crevit
584 2402 713 2465 fallendo
736 2412 823 2482 atque
845 2403 901 2465 bac
922 2421 954 2464 sc
976 2403 1081 2464 muniit
1102 2410 1166 2464 erte

477 2504 513 2565 Et
534 2507 600 2585 qui,
623 2524 697 2585 quos
719 2507 809 2576 iurat,
832 2523 890 2565 non
914 2513 996 2584 putat
1017 2521 1081 2566 esse
1103 2504 1193 2566 deos?

393 2605 538 2669 Praeterea
562 2598 692 2687 Venetos]
712 2606 764 2668 tibi
786 2606 896 2695 bellurn
918 2607 1029 2669 inferre
1051 2600 1223 2686 pudendum
1245 2614 1305 2679 est,

341 2727 378 2767 sia
475 2709 626 2788 Siquando
649 2711 779 2771 externis
801 2710 877 2770 tama
900 2707 981 2787 dabit
1001 2707 1135 2788 populis:

392 2809 438 2871 Tu
461 2821 549 2890 caput
572 2829 604 2872 es
625 2830 740 2878 rerum,
766 2812 817 2872 tibi
840 2819 927 2872 terrm
948 2810 1079 2873 subdidit
1100 2809 1203 2873 orbem

477 2912 605 2974 Partitus
626 2915 777 2991 geminum
800 2913 909 2992 iupiter
931 2914 1104 2991 imperium;

392 3013 502 3093 tupiter
523 3022 568 3076 est
589 3016 660 3076 creto
682 3033 829 3083 summus,
853 3014 908 3075 suti
931 3014 1045 3077 Caesaro
1066 3022 1145 3078 terre
1168 3022 1226 3087 est,

341 3135 379 3177 mo
476 3115 529 3177 Hic
552 3117 607 3178 sibi
630 3116 769 3178 mortales
791 3116 922 3184 subiicit,
946 3114 995 3177 itte
1017 3116 1098 3180 deos.

392 3218 539 3291 eranturu
563 3227 607 3281 cst
628 3237 645 3280 a
668 3220 760 3297 nigris
782 3217 947 3280 Nabatbaeis
968 3218 1076 3282 tinibus
1097 3219 1190 3292 Indis,

475 3320 603 3383 Pboebus
626 3321 675 3383 ubi
696 3320 818 3382 rutilum
841 3320 976 3400 provebit
996 3340 1051 3383 ano
1072 3321 1165 3394 diem,

392 3526 504 3595 Quando
528 3528 623 3587 odiose
645 3538 699 3587 tum
722 3529 791 3586 tecta
813 3538 856 3586 est
877 3528 1019 3586 clementia
1041 3530 1116 3604 pacis

341 3630 378 3670 ios
482 3614 654 3686 Virtuteequc
670 3622 725 3671 tuoe
746 3612 881 3670 ‘crimino’
904 3629 1001 3670 nomen
1023 3613 1137 3677 babent,

392 3698 504 3766 Quando
528 3699 575 3755 tibi
599 3700 693 3758 nocuit
715 3700 788 3772 quod
813 3708 842 3757 tu
864 3697 993 3774 prodesse
1016 3698 1145 3774 putabas,

476 3785 529 3841 iarn
554 3785 659 3842 taudem
682 3785 722 3841 ire
745 3785 810 3848 tibi.
833 3784 933 3847 Caesar,
956 3785 983 3839 in
1006 3801 1079 3840 arma
1100 3783 1176 3842 licet:

392 3870 472 3926 Sumo
496 3871 613 3932 auinros.
636 3870 795 3945 narniamque
817 3885 899 3943 nega:
922 3886 986 3924 num
1007 3886 1119 3943 parcere
1141 3869 1181 3927 ias
1203 3880 1247 3929 est

341 3970 378 4010 riu
474 3953 525 4022 Qui
548 3955 625 4029 prior
646 3965 675 4012 et
695 3973 776 4013 carisa
799 3972 854 4011 non
876 3955 996 4029 agitatus
1019 3953 1117 4011 obest?

393 4040 432 4096 Tu
455 4050 536 4114 ceput
557 4057 587 4097 es
610 4057 716 4103 rerum,
740 4041 788 4097 tibi
810 4046 893 4096 totum
914 4039 1035 4096 subdidit
1057 4039 1150 4096 orbem
1423 4062 1480 4114 pn)

475 4125 595 4182 Partitus
617 4140 731 4199 repnum
753 4125 875 4201 luppiter
896 4127 954 4196 ipse
972 4140 1068 4184 suarm

392 4210 512 4285 iuppiter
534 4219 576 4267 est
598 4209 667 4268 coeio
690 4229 823 4272 summus,
846 4211 896 4266 sed
918 4210 1014 4267 Coesor
1034 4212 1062 4264 io
1082 4209 1162 4278 orbe,

343 4309 378 4351 rio
474 4295 523 4352 ilic
544 4296 595 4353 sibi
617 4297 746 4353 mortales
767 4296 897 4364 subdidit,
920 4294 965 4350 ille
986 4294 1062 4351 cleos.
1424 4314 1479 4370 psus)

391 4378 525 4448 Quantum
547 4390 588 4438 cst
611 4400 626 4439 a
649 4382 734 4457 nigris
756 4381 909 4438 Nabatbaeis
932 4379 1033 4436 finibus
1055 4379 1140 4445 Indis,
1424 4400 1479 4455 (seq

474 4466 592 4524 Phoebus
614 4457 660 4523 ubi
683 4467 794 4524 rutilum
817 4468 915 4540 collipd
936 4464 1088 4532 aredium.

257 4644 291 4679 ¹⁰¹
309 4644 374 4714 Qui]
395 4649 421 4699 oi
439 4650 494 4714 qui.
563 4649 597 4683 ¹⁰¹
615 4649 730 4700 Infidum
749 4666 831 4700 mure.
900 4644 933 4681 ³¹¹
955 4648 989 4699 In
1011 4649 1219 4716 epigrammatis
1241 4649 1347 4702 similis
1364 4652 1480 4720 sapius.

190 4725 224 4762 ¹¹¹
241 4729 285 4780 Oi.
298 4731 384 4798 epigr.
396 4734 420 4783 t.
435 4734 470 4784 nd
482 4735 554 4787 Max.
599 4733 632 4768 ¹¹¹
650 4736 774 4801 Iuppiter
788 4738 812 4785 3.
821 4737 846 4787 4.
859 4741 885 4785 et
895 4734 933 4785 sic
943 4735 1033 4784 iterun
1044 4749 1070 4784 v.
1084 4749 1142 4799 aeq.
1278 4733 1309 4770 ¹¹¹
1327 4735 1442 4790 Summo
1455 4740 1479 4790 1.

192 4811 225 4846 ¹¹¹
243 4813 341 4866 ‘numa
359 4816 395 4868 od
413 4833 540 4870 aurorem
556 4819 693 4871 Nabutheu
712 4835 781 4886 eque
799 4832 887 4887 regua
904 4820 1038 4895 recoasit’.
1062 4817 1133 4870 Ontd.
1146 4822 1210 4871 met.
1224 4819 1246 4872 1.
1258 4817 1301 4871 bl.
