3294 5408
163 364 237 437 554
268 375 446 431 ADDENDA
458 374 507 426 AD
521 372 604 443 VOL.
618 373 655 426 11.
675 367 1000 423 cccxxxxxs*.ssos.ss11
1013 381 1396 423 susmmmncrs.

367 551 474 608 Indolis
496 551 524 604 in
545 550 641 607 iuuene
659 551 688 602 et
709 547 814 602 iuuenis
835 548 942 601 notura
960 547 1117 619 moqistros

370 636 506 692 Testetur
526 647 631 699 mores,
650 633 748 688 eudon
769 635 812 686 est
833 632 861 685 in
883 635 1001 703 utroque
1017 631 1167 688 ootmstos.

371 721 439 778 Tum
460 720 657 775 dormitantem
680 717 805 772 Nesenus
826 716 899 770 ridet
917 720 944 771 et
964 717 1053 772 instat

318 822 356 864 seo
371 806 494 862 ‘Siccine
515 805 587 860 lente
608 804 682 857 iaces
689 802 711 855 ν’
736 815 853 872 cumque
873 803 1090 873 ceperqiscerer
1113 802 1206 869 inde,

370 891 529 948 Persuodet
549 888 633 944 docto
654 901 697 943 me
713 888 816 941 iterum
836 887 988 942 indormire
1008 900 1136 942 susurro

372 976 551 1048 occinuitquc
569 973 673 1045 urqun
693 972 798 1027 surdos
820 970 887 1026 nu'isi
907 985 1020 1027 carmen
1040 974 1069 1026 in
1091 985 1209 1040 aures,
1321 988 1327 997 ·

371 1063 430 1131 Quo
450 1074 512 1116 meu
532 1058 705 1115 clauduntur
724 1056 824 1112 mettito
844 1055 946 1111 luminu
968 1062 1074 1111 ceretu.-

374 1148 453 1203 Nunc
474 1145 611 1209 calaum,
633 1156 708 1199 nurse
728 1141 1002 1208 conterraneorum
1023 1143 1079 1197 teto
1098 1141 1253 1215 percont,

321 1252 358 1293 ¹55
373 1233 456 1288 Nunc
476 1228 596 1286 tremutu
619 1242 657 1285 ex
678 1227 802 1283 humeris
824 1225 941 1282 tenusns
961 1225 1075 1283 hostilia
1099 1229 1176 1284 totis
1206 1274 1213 1283 ,

371 1317 475 1390 effecit
495 1329 571 1371 mero
587 1313 708 1370 cutestic
729 1317 828 1368 costra
846 1311 949 1384 lepore.

372 1403 492 1459 Brstcius
513 1400 560 1455 ieie
582 1398 681 1456 ernon
702 1398 865 1454 modulatur
885 1397 1013 1452 carmine
1035 1413 1102 1454 uoce

373 1488 413 1544 Et
431 1487 472 1542 nil
491 1485 619 1542 Romano
640 1499 696 1539 non
717 1488 857 1553 comptum
876 1482 972 1553 prodit
993 1481 1029 1538 ab
1047 1499 1116 1553 ore,

375 1573 430 1641 Qui
449 1571 575 1645 quamuis
595 1569 696 1625 multos
713 1572 804 1642 oequet
823 1571 994 1639 superetque
1012 1575 1132 1640 poetes,

324 1675 361 1718 iso
376 1659 414 1714 Et
436 1656 517 1713 cedat
535 1655 616 1722 nulii,
639 1658 732 1710 tomen
747 1651 904 1725 infortunio
926 1657 1021 1707 uotum

372 1743 498 1816 Despicit
516 1745 601 1814 utque
622 1739 701 1795 domo
722 1737 847 1793 residens
868 1735 989 1793 molinis
1007 1739 1036 1792 in
1056 1739 1123 1794 utta

376 1828 500 1884 Oblectet
523 1825 598 1882 dulei
616 1825 683 1881 coeto
703 1830 733 1880 et
752 1823 847 1879 sideru
864 1822 987 1893 plectro.

377 1913 474 1969 Omnia
495 1913 544 1984 qui
563 1909 653 1968 Musis
672 1910 819 1966 coniunxit
839 1922 925 1963 sucre
942 1906 1090 1980 profanis,

375 1996 516 2054 Busctsius
537 1994 596 2064 uic,
619 1997 760 2068 tequmque
780 1995 871 2049 sciens
891 2007 1081 2066 somnumque
1101 1997 1236 2065 peritus

324 2100 362 2140 see
377 2083 451 2151 Quos
471 2083 580 2137 nescire
601 2081 665 2137 vetit
686 2079 762 2152 (nom
783 2085 861 2133 ortes
883 2083 1060 2134 contemnere
1080 2085 1177 2135 notos

377 2168 447 2224 Seni
466 2171 509 2223 est
531 2164 651 2238 iudicis),
668 2179 793 2237 proauos
814 2166 967 2219 comitatur
987 2168 1137 2237 equestres

376 2252 529 2310 Ambitione
544 2253 604 2308 sine
625 2255 653 2306 et
668 2265 803 2305 summam
825 2252 853 2304 in
870 2251 974 2305 uirtute
989 2250 1114 2321 reponit.

378 2339 521 2395 Ruuisium
539 2336 622 2410 sociti
641 2335 714 2392 uidet
734 2336 796 2405 ipso
819 2334 930 2392 Nioeriu
950 2348 1046 2390 amore

378 2423 488 2480 ludere
502 2424 530 2478 in
550 2425 682 2479 ornatam
699 2421 800 2492 pinqui
819 2420 853 2476 cte
874 2432 944 2474 rure
958 2420 1094 2490 pueliam.

328 2525 365 2566 uo
379 2508 520 2565 Heluetico
540 2508 617 2564 birros
637 2505 730 2577 uideas
749 2509 778 2560 et
799 2507 826 2560 in
849 2504 1070 2577 aquinensem,
1183 2532 1192 2543 ·

378 2593 490 2650 Laurea
513 2593 641 2650 Occsnreo
659 2595 803 2663 qestuntes
822 2594 900 2646 serto
921 2587 1034 2659 fauore:

380 2678 495 2734 Nomine
516 2677 551 2733 eb
572 2678 690 2733 ulterius
709 2675 787 2747 felici
804 2677 894 2748 qtorio
914 2675 1004 2730 muius

380 2763 484 2820 Nomen
506 2764 589 2818 hebet
607 2775 758 2833 nomenque
779 2761 855 2816 dedit
874 2766 1024 2832 notumque
1044 2766 1159 2833 recepit

379 2849 460 2905 luto
480 2850 557 2917 sinu,
578 2850 657 2904 cuius
677 2861 744 2901 mox
761 2850 804 2901 est
828 2849 923 2903 msurn
943 2851 1073 2916 nepotes.-

329 2950 367 2993 us
382 2932 436 3002 Qus
455 2935 549 2990 meriti
567 2938 595 2988 et
615 2932 701 2988 sortis
730 2929 884 2988 Vnunnom
903 2933 1012 2987 nomine
1029 2933 1107 2988 ducit

380 3018 567 3091 Purtscspem‚
589 3019 663 3073 socio
684 3031 744 3072 sese
767 3024 920 3074 ueneratur
941 3032 1045 3072 umore.

381 3103 491 3160 Ferrea
511 3103 678 3176 tranquillos
699 3103 774 3157 iuter
796 3102 913 3159 Bellone
930 3106 1033 3175 poetes

379 3188 447 3245 Ibat
466 3193 495 3246 et
513 3189 621 3244 ormoti
637 3192 788 3258 sepserunt
805 3186 926 3244 Pollucis
944 3190 1045 3244 cutus:

380 3274 436 3331 Hic
455 3275 602 3330 loricatam
624 3272 753 3331 Charites
774 3274 950 3329 circumdare
972 3272 1055 3327 nudoe

331 3374 368 3416 iso
384 3359 549 3417 &umbone
579 3360 726 3424 Veterem,
745 3372 833 3429 neque
854 3359 887 3415 oh
908 3360 938 3414 ut
960 3358 1086 3413 Tritonia
1109 3359 1213 3415 ridet:

386 3446 536 3518 Unicuique
555 3459 637 3501 suum
659 3445 782 3516 quemuis
803 3445 914 3500 mireris
934 3443 1080 3507 honorem,

384 3531 478 3602 Turpe
499 3533 592 3586 tomen
613 3530 701 3586 ducos
716 3531 870 3585 seiunctum
889 3530 1016 3586 incedere
1027 3530 1146 3600 portem

383 3618 561 3671 Alterutrum
579 3621 607 3671 et
622 3615 743 3687 proprio
763 3617 890 3685 spectari
908 3616 975 3673 octte
993 3615 1109 3673 decoro.-

388 3701 480 3773 Usque
500 3701 569 3757 odeo
586 3699 739 3774 putctsrum
760 3704 803 3754 est
824 3703 945 3756 animum
967 3712 1128 3772 corpusque
1147 3699 1281 3773 fouere,

335 3801 372 3842 iss
387 3785 446 3841 Nec
463 3787 535 3841 mute
555 3791 713 3858 contempto
736 3790 853 3840 mentem
877 3792 992 3858 torpere
1012 3785 1107 3840 tutore

384 3876 475 3942 Atque
490 3887 595 3942 porum
618 3877 737 3945 inqeuuo
757 3872 864 3943 inqenio
885 3872 1045 3944 siemerpere
1064 3871 1136 3924 πίεν.

384 3954 459 4011 Hinc
475 3956 678 4014 Morconorum
698 3957 755 4013 uicti
769 3958 925 4013 certamino
943 3957 1086 4030 [rutrum

252 4153 285 4189 ¹⁴⁸
303 4153 341 4222 in]
361 4157 390 4207 ni
408 4163 440 4207 M.
501 4154 532 4190 '⁴⁹
551 4157 624 4211 Guil.
637 4158 772 4210 Neeenus.
787 4159 823 4209 ci.
837 4157 892 4208 voi.
905 4158 925 4207 1.
939 4173 964 4223 p.
981 4155 1036 4208 171.
1096 4148 1128 4185 ¹⁵⁸
1146 4154 1221 4205 taeln
1241 4159 1271 4209 2.
1341 4158 1379 4192 ¹³⁷
1397 4159 1502 4211 Germe-

183 4254 235 4292 sms
252 4240 362 4293 Brixius
381 4238 513 4306 (Gerrunio
536 4244 568 4294 de
587 4242 677 4308 Brte),
703 4245 853 4295 canonicus
871 4242 1052 4303 Pnrisiensis,
1077 4239 1244 4290 Groeeorum
1273 4249 1451 4308 poematum
1472 4247 1503 4303 (et

183 4326 593 4391 AntiM0r1)suctor.†1550.
646 4327 677 4361 ¹⁸¹
696 4329 785 4381 insitu
803 4335 835 4379 Μ.
889 4326 922 4361 ¹⁵⁴
939 4323 1290 4378 HermennusBuschius.
1353 4328 1391 4362 ¹⁸⁸
1410 4329 1503 4380 Senum

184 4416 276 4477 poetis
288 4412 411 4478 Asclepii
425 4413 505 4464 huius
517 4413 649 4464 iudicium
662 4413 777 4465 laudent
789 4415 848 4478 eiii,
862 4430 916 4466 non
930 4429 990 4478 ego.
1029 4409 1059 4443 ¹⁸⁸
1071 4410 1195 4460 loannes
1208 4410 1372 4481 Bavisius,
1384 4429 1503 4482 cognom.

185 4495 298 4561 Testor,
316 4498 506 4561 Nirernensis‚
526 4501 599 4565 apud
616 4499 740 4551 Parisios
759 4502 899 4566 professor
916 4501 1049 4550 bonerum
1068 4495 1179 4556 artium,
1201 4495 1284 4548 varii
1305 4501 1432 4565 generis
1448 4514 1503 4566 poe

185 4586 288 4633 mitum
306 4584 853 4649 scriptor.†s.1524.Cf.toecleer.h.v.
915 4585 945 4617 ¹⁶⁹
963 4585 1116 4634 momatum
1135 4584 1168 4629 Ι.
1228 4578 1268 4614 ¹²²
1288 4582 1444 4636 Esuriens
1462 4585 1505 4635 ln

188 4667 258 4719 ritus
277 4666 434 4721 Glsreunus
460 4685 478 4720 s
500 4673 592 4736 patrio
617 4671 718 4737 oppido
737 4671 836 4724 dictus.
900 4669 933 4703 ¹⁷⁵
952 4669 1031 4720 sortis
1048 4673 1074 4717 Ι
1144 4665 1324 4721 latebimus
1343 4668 1499 4722 vodium

189 4750 222 4783 ’θ’
239 4751 454 4806 Murekunosum
471 4761 505 4805 Ι.
526 4758 656 4808 comitum
668 4755 703 4806 de
721 4757 826 4811 Muros.
