3294 5408
167 366 179 435 1
191 364 239 437 46
263 390 729 433 nvmttuncata.rtu1u1n1auvu
739 391 774 428 VT
785 391 896 426 BELLVN
906 391 935 425 IN
946 391 1072 426 VENBTOS
1083 390 1457 432 PROSEQAEXNON'I'ATOBU'H.

366 548 503 608 anemis
526 546 589 606 haec
610 543 736 623 aliquem
760 544 813 605 tibi
835 544 1000 604 detrectare
1023 550 1141 605 tuorum

315 671 354 710 sao
450 647 520 719 Quae
542 664 694 724 nunquam
717 648 826 706 iustum
849 663 1042 723 promeruere
1065 627 1184 705 odium?

366 749 449 810 dude
471 746 579 828 aliquid
602 748 745 825 lactisque
767 747 849 807 noris
869 748 954 806 istam
977 746 1043 808 elue
1065 746 1188 812 lamam,

451 851 522 922 Quae
544 857 640 909 tamen
662 848 741 908 haud
764 866 881 918 causas,
904 848 982 908 unde
1004 855 1135 915 seratur,
1159 845 1262 907 habet:

367 952 522 1031 Nunquam
545 946 650 1030 aliquis
671 949 742 1011 vidit
762 949 834 1011 luxu
857 960 885 1010 te
909 951 1004 1026 egisse
1026 951 1148 1026 supino,

315 1071 353 1112 aa
449 1048 605 1130 Nunquam
629 1048 733 1129 aliquis
754 1052 827 1112 vidit
849 1059 947 1111 mente
970 1059 1090 1111 vacante
1113 1048 1221 1117 levem,

365 1154 462 1232 thue
484 1152 580 1214 solent
601 1170 702 1231 reges,
726 1150 846 1213 mollem
869 1154 1017 1213 deducere
1040 1154 1126 1212 vitam
1275 1137 1278 1144 ’

452 1254 612 1333 Dulciaque
635 1252 773 1332 amplecti
794 1253 968 1331 deliciisque
992 1255 1063 1320 lrui;
1146 1323 1148 1328 ¹

367 1356 490 1433 Semper
513 1357 586 1417 dura
610 1357 686 1434 pati,
708 1358 826 1434 semp'er
850 1354 953 1432 lugere
976 1357 1038 1415 ocia
1062 1362 1248 1433 promptum,

314 1477 352 1517 aas
449 1456 559 1517 lluritia
582 1463 710 1517 mentem
732 1455 936 1534 perdomuisse
957 1463 1050 1534 patet:

367 1558 469 1619 Castra
491 1557 647 1635 voluptatis
669 1576 820 1637 nunquam
843 1557 966 1618 civiliter
991 1560 1098 1626 intras,

451 1659 508 1720 Sed
531 1659 813 1738 tanquamlaqueos
834 1659 1012 1738 insidiasque
1035 1659 1126 1736 lugis;

366 1759 403 1820 Et
424 1759 568 1837 siquando
591 1759 697 1830 audes,
720 1778 870 1838 nunquam
894 1761 1070 1822 temerarius
1093 1760 1184 1820 inlers

314 1880 353 1922 asa
449 1862 552 1932 tirma,
575 1861 627 1922 sed
642 1843 686 1922 ⁶en
709 1880 804 1922 oausae
827 1862 999 1923 condicione
1021 1862 1132 1939 gratim

367 1961 501 2040 llumque
522 1962 628 2030 infers,
652 1981 712 2023 nou
735 1961 832 2024 lentus
855 1964 940 2032 ades,
964 1980 1024 2021 non
1047 1961 1167 2022 ultimus
1189 1971 1282 2027 astas,

451 2062 493 2123 Ex
516 2064 579 2124 acie
600 2065 713 2143 primos
735 2066 868 2126 conseris
890 2073 957 2124 ante
979 2065 1079 2124 duces.

367 2163 441 2242 Spes
462 2165 535 2225 milri
557 2183 611 2244 per
633 2173 663 2227 te
685 2167 773 2243 igitur
796 2165 964 2227 cunctando
986 2167 1100 2225 restitui
1123 2184 1203 2233 rem,

315 2284 353 2324 eso
450 2264 520 2336 Qum
543 2283 622 2327 nnnc
644 2285 679 2328 ex
702 2269 800 2328 animo
823 2275 938 2346 statque
961 2266 1095 2344 caditque
1117 2274 1179 2325 tuo.

367 2366 431 2427 llue
454 2384 508 2446 ego
530 2368 588 2427 iam
610 2368 725 2445 pridem
749 2353 800 2428 res*
820 2367 873 2428 abs
895 2376 924 2428 te
948 2366 1053 2445 colligo
1076 2376 1188 2444 gestes,

451 2469 581 2541 Quarum
606 2477 663 2539 est,
687 2457 775 2548 quam
798 2468 900 2541 debet,
924 2467 987 2528 lans
1008 2467 1060 2529 tibi
1083 2476 1165 2546 parta
1189 2470 1301 2528 minor:

365 2657 406 2713 tlh
429 2658 495 2713 sinis
517 2658 577 2715 haee
598 2657 715 2732 aliquem
738 2659 787 2715 tibi
809 2659 960 2715 detrectare
983 2667 1092 2714 tuorum

451 2743 515 2811 Qum
536 2760 674 2816 nunquam
695 2743 796 2800 iustum
819 2760 996 2817 promeruere
1019 2743 1129 2798 odium?

288 2849 291 2855 ·
366 2826 507 2902 Nunquam
530 2827 627 2902 aliquis
649 2828 717 2884 vidit
738 2828 802 2885 luxu
826 2838 852 2884 te
875 2829 964 2903 egisse
987 2829 1102 2902 supino,

315 2924 355 2966 aas
450 2911 590 2985 Nunquam
614 2911 712 2986 aliquis
736 2913 801 2968 vidit
823 2923 912 2969 niente
934 2921 1044 2969 vacante
1068 2911 1167 2973 lesem,

367 2997 455 3071 lltque
477 2995 568 3053 solent
589 3014 683 3069 reges,
707 2996 817 3053 mollem
839 2997 972 3053 deducere
994 2997 1074 3052 vitam

451 3080 597 3155 dulciaque
619 3080 745 3155 amplecti
769 3082 925 3155 delitiisque
948 3081 1017 3143 frui:

367 3165 479 3240 Semper
500 3167 567 3223 dura
589 3166 660 3240 pati,
684 3183 791 3240 sempor
813 3167 907 3239 lugere
930 3158 995 3223 ocia
1007 3175 1154 3237 prourptus

316 3263 355 3304 an
449 3250 605 3323 duritiaque
626 3253 747 3307 animum
769 3250 957 3326 perdomuisse
979 3252 1065 3305 soles:

368 3335 461 3391 Castra
483 3333 631 3408 voluptatis
654 3352 792 3409 nunquam
814 3334 930 3392 civiliter
952 3335 1051 3395 intras.

376 3490 379 3495 Ι
451 3418 503 3475 Sed
525 3427 652 3494 tanquam
673 3420 786 3493 laqueos
808 3420 974 3493 insidiasque
997 3420 1083 3492 iugis,

367 3502 445 3558 Etsi
469 3504 576 3579 quando
599 3503 695 3567 audes,
719 3521 857 3579 nunquam
881 3504 1041 3560 temerarius
1064 3503 1149 3558 infers

316 3601 355 3641 aaa
450 3589 545 3651 Arma,
568 3589 616 3645 sed
638 3605 670 3644 ex
692 3606 780 3646 causae
803 3589 958 3659 conditione
981 3589 1085 3661 gravis:

367 3671 487 3745 llumque
509 3672 609 3743 infers.
632 3689 688 3730 non
710 3672 801 3729 lentus
824 3673 903 3736 ades,
922 3689 980 3750 ¹non
1004 3671 1115 3729 ultimus
1138 3672 1243 3733 adstas,

452 3757 489 3812 Ex
512 3757 567 3813 acie
590 3757 693 3831 primos
715 3758 837 3815 conseris
860 3766 922 3831 ante
944 3757 1035 3813 duces.

368 3838 436 3914 Spes
458 3842 523 3898 mihi
546 3858 596 3915 por
618 3850 644 3897 te
667 3842 752 3915 igitur
773 3842 926 3899 cunctando
948 3841 1055 3898 restitui
1079 3857 1152 3903 rem,

316 3937 355 3980 ssu
451 3925 515 3992 Qum
537 3943 609 3983 nurse
630 3943 662 3981 ex
685 3928 774 3984 animo
796 3935 905 4001 statque
926 3926 1051 4000 caditque
1074 3935 1131 3983 tuo.
1399 3941 1456 3991 (aas)

368 4008 424 4065 lluc
445 4026 498 4084 ego
520 4009 699 4084 iampridem
721 4027 765 4066 res
787 4030 804 4067 o
829 4011 978 4085 recolligo
1000 4018 1106 4084 gestas.
1400 4027 1457 4077 (aas)

452 4092 569 4161 Quarum
592 4103 647 4157 ost,
671 4112 750 4168 quam
767 4095 866 4165 slebet,
890 4095 949 4153 laus
976 4096 1024 4152 tibi
1048 4104 1124 4169 parta
1147 4095 1244 4151 minor.
1401 4111 1458 4160 (aas)

233 4273 265 4306 ⁵²²
282 4272 401 4340 seratur]
414 4275 555 4340 polluetur
566 4278 737 4328 sermonibus
749 4278 827 4332 setis.
875 4275 909 4310 θ’
927 4277 1084 4329 conditione
1098 4280 1171 4329 s...5.
1219 4275 1252 4307 ⁵³³
1272 4276 1366 4325 adstes
1381 4279 1456 4327 3...5.

166 4356 199 4389 ⁵³⁵
217 4358 261 4408 Os.
275 4360 357 4425 Verg.
371 4360 439 4409 Aen.
453 4359 500 4410 VI.
512 4359 573 4411 846.
626 4361 732 4412 Ennius
752 4378 795 4428 ep.
810 4362 869 4415 cic.
883 4362 917 4412 de
935 4377 993 4413 sen.
1006 4363 1032 4410 4.
1047 4362 1080 4411 de
1092 4362 1182 4411 Fabio
1200 4363 1336 4412 Maximo:

317 4444 394 4493 Unus
412 4443 493 4495 homo
510 4446 591 4495 nobis
611 4446 766 4497 cunctando
784 4447 906 4497 restituit
924 4462 994 4496 rem:

317 4528 440 4577 Noenum
452 4543 581 4579 rumores
599 4519 723 4595 ponebat
741 4537 805 4580 anto
825 4530 956 4590 saltitem

317 4611 391 4676 Ergo
409 4616 524 4678 postque
543 4615 687 4678 magisque
705 4615 757 4665 viri
775 4629 846 4664 nuno
865 4613 953 4679 gloria
971 4613 1066 4665 claret.

167 4692 209 4744 ct.
222 4693 335 4744 Lachm.
350 4694 385 4745 sd
397 4697 509 4747 Lueret.
522 4712 549 4762 p.
565 4695 621 4747 150.
