3294 5408
464 418 597 454 nvnovtcl
612 417 728 454 unnlnnl
741 417 863 452 VBMTIO
877 418 999 454 LEONVR.

188 634 190 638 ,
285 575 322 631 Et
340 581 364 632 te
381 577 539 632 clericulum
560 583 586 631 et
602 592 724 648 parrum
746 576 785 631 nd
799 578 851 647 pia
871 591 957 632 sucro
978 578 1131 644 ministrum
1194 615 1200 626 ,

237 678 273 720 uo
373 661 523 727 ducturos,
543 677 561 715 o
579 662 629 716 tusc
650 663 788 728 maximo,
805 668 901 717 sancte
913 667 1017 733 poter:

285 747 483 818 Ruptu‘rosqne
505 752 551 800 tun
569 746 682 813 invicto,
705 745 771 800 Rex
794 746 921 814 Fronce,
942 762 1046 801 corono

340 893 341 896 Ἴ
369 830 549 901 Pcrsrnctum
568 828 614 901 (oin
630 826 769 904 somnust)
792 836 887 903 terque
903 836 1055 903 quaterque
1074 838 1166 904 eaput.

287 916 309 971 0
329 915 415 986 soeces
433 915 586 982 hominum,
604 930 759 986 porcorum
779 917 899 982 seminus,
922 931 1042 972 nonnos

234 1015 271 1056 sss
374 1000 453 1055 Tatio
475 1000 604 1055 detento
626 1000 718 1055 dicere
735 998 811 1072 Repe
826 1001 933 1072 pudet?

285 1086 346 1141 Hoc
368 1092 453 1156 caput
473 1085 607 1155 estquod
627 1083 815 1140 Christicotum
831 1087 898 1157 pius
919 1085 993 1140 orbis
1011 1085 1126 1152 odoret,

371 1168 449 1237 Quod
465 1168 606 1241 Babylon,
627 1168 702 1240 quod
717 1174 761 1235 tu,
783 1169 1029 1235 monimntum,
1050 1173 1152 1225 uenis.

287 1254 348 1310 Non
368 1254 426 1308 tutit
443 1255 532 1307 nrctoi
551 1252 708 1308 moderator
725 1246 869 1308 munimus
889 1254 963 1309 ortis

235 1356 270 1396 sss
370 1337 480 1405 Censor,
503 1339 551 1410 qui
567 1338 670 1408 triptici
688 1339 771 1411 cinqit
793 1337 898 1394 tionore
915 1345 1013 1409 caput,

287 1424 346 1480 Nec
366 1423 437 1479 votet
458 1423 574 1482 utterius
593 1429 684 1477 tantus
702 1425 822 1479 tolerare
842 1425 988 1495 querelas,

368 1506 509 1563 Hortatur
526 1522 673 1578 proceres,
697 1515 722 1562 et
742 1522 795 1563 suu
815 1523 918 1580 repno,
941 1521 1007 1564 suos

283 1593 421 1649 Hortatur
439 1594 529 1647 socios
544 1593 708 1647 sceleratum
727 1593 877 1648 excudere
893 1601 1015 1665 pentem,

234 1694 271 1734 m
372 1677 530 1748 Pontificem
549 1678 696 1747 imprimis,
720 1680 845 1732 monime
864 1677 970 1744 Roma,
992 1685 1076 1734 tinem.

285 1763 416 1820 Continuo
439 1760 529 1834 Repes
552 1761 664 1827 Gnttus,
689 1761 846 1829 Romanus,
867 1761 990 1818 Hiberus

370 1845 482 1903 Coesore
503 1862 565 1901 cum
583 1862 683 1918 mnpno
703 1845 814 1918 foedera
834 1853 933 1902 sancto
950 1848 1050 1919 inponi,-
1086 1897 1088 1900 ,

285 1931 366 1986 Retia
388 1948 459 1985 rora
473 1937 580 2002 parunt
602 1939 627 1985 et
644 1937 724 1986 acuto
743 1933 851 2002 spiculo
865 1930 964 2003 ferro,

233 2032 271 2073 no
369 2015 474 2071 Fertur
488 2015 665 2071 Marmarico
683 2017 780 2071 iancea
797 2022 868 2071 torta
888 2032 988 2082 manu,

283 2100 430 2156 Murorum
445 2102 474 2154 in
488 2107 607 2173 stropem
624 2108 705 2174 ntqnse
718 2101 855 2157 tsominum
872 2118 937 2175 qum
951 2103 1053 2156 invenit
1064 2101 1205 2176 Erinnys,

369 2184 448 2240 Sicut
463 2186 498 2241 nb
518 2188 590 2241 irato
609 2185 730 2258 fulmina
752 2189 836 2241 missu
858 2185 938 2247 Iooe;

274 2269 346 2332 ,Non
368 2270 468 2326 desunt·
486 2271 592 2343 laquei,
613 2271 729 2341 pedico,
749 2272 915 2342 ancipitesve
933 2285 1060 2340 secures,

120 2355 131 2368 “
232 2366 270 2409 iso
371 2354 432 2410 Non
449 2369 532 2427 eques
553 2361 661 2410 armato
681 2356 889 2427 conspiciendus
910 2370 987 2427 equo.

282 2440 395 2496 Primus
416 2440 451 2496 nt
470 2439 619 2496 Herculeis
638 2440 808 2496 descendens
826 2440 941 2512 Alpibus
956 2440 1040 2496 ieros

369 2525 505 2581 Gotticus:
527 2525 573 2580 nic
592 2529 808 2582 centum‘trnnit
827 2528 862 2581 in*
877 2543 959 2580 nnnc
979 2525 1076 2595 duces,

286 2610 449 2683 Qninpentos
466 2610 549 2666 duxit
563 2624 697 2682 proceres
718 2617 744 2666 et
759 2611 832 2666 mitte
847 2611 1021 2683 ptentesipes,

233 2712 270 2752 nu
370 2695 616 2752 Innumerabitium
636 2695 709 2750 mitia
729 2696 815 2766 ptura
837 2711 952 2763 canum,

281 2780 349 2836 'tien
371 2779 525 2836 lodovicus
545 2794 614 2852 equo
630 2787 657 2835 et
673 2779 843 2853 scalpentibus
863 2795 930 2835 ucer
951 2783 979 2834 in
1000 2783 1087 2837 armis

368 2864 488 2921 Suscitat
508 2867 536 2919 in
559 2864 673 2920 rabidos
695 2881 776 2919 arma
798 2873 914 2921 cruente
935 2865 1032 2936 serus,

283 2950 341 3006 Nec
360 2951 450 3005 minus
469 2950 622 3021 expediunt
636 2951 693 3005 otu
715 2965 745 3005 se
763 2951 790 3004 in
808 2956 896 3021 porte
914 2950 1020 3004 teones:

234 3052 271 3092 sos
371 3033 527 3089 Prudenter
548 3036 648 3106 aliquis
669 3035 795 3090 crederet
813 3049 873 3090 esse
894 3038 983 3092 ciros.-

288 3119 424 3192 (Inpositus
444 3119 578 3189 effodiunt
597 3126 690 3175 terras
710 3127 737 3174 et
756 3125 852 3174 castro
870 3125 1019 3186 coronant,

365 3204 403 3258 Et
423 3206 485 3259 tecti
501 3202 584 3276 ferro
596 3213 713 3275 pectora
732 3204 792 3276 fido
808 3209 922 3276 perun&

283 3288 369 3361 Si'pno
387 3291 477 3360 sequi,
495 3304 602 3360 parere
622 3290 687 3344 duci
693 3331 700 3357 ,
722 3304 838 3344 serrare
858 3288 986 3344 tubarum

230 3391 267 3432 nn
368 3373 506 3440 Classica,
529 3376 703 3445 conspiceres
723 3374 821 3429 ordine
836 3381 914 3429 stare
929 3365 989 3429 suo.

282 3459 444 3529 Erumpunt
461 3461 550 3530 portis
569 3459 665 3513 rabido
682 3457 795 3530 fervore
814 3459 935 3525 duabus,

365 3543 467 3599 Portiti
483 3546 511 3598 in
534 3551 640 3599 turmas
660 3544 701 3599 sic
723 3544 818 3599 obiere
841 3557 924 3604 sucs;

279 3629 436 3685 &acuunt
455 3631 529 3696 iras,
553 3629 699 3701 condoque
719 3635 744 3685 et
765 3629 889 3685 dentibus
912 3629 990 3682 unos

228 3729 268 3770 too
367 3712 403 3768 In
422 3712 570 3785 serumque
590 3715 672 3785 provi
693 3728 836 3770 murmure
853 3714 1012 3784 prosiliunt.

287 3798 356 3867 Vos,
380 3799 477 3871 quitus
497 3798 632 3854 Aonidum
650 3805 691 3853 est
706 3799 878 3870 studiumque.
897 3806 922 3852 et
936 3799 1049 3869 spirinse
1067 3801 1177 3872 inpens,

363 3884 466 3950 Dicite,
488 3890 553 3956 quot
571 3891 679 3956 strupes
701 3884 836 3939 ediderint
860 3882 969 3944 Veneti:

279 3966 327 4024 Me
345 3970 417 4041 tepes
434 3975 460 4023 et
476 3984 547 4024 cura
562 3968 623 4039 sori
640 3971 794 4040 mpoupue
810 3967 919 4023 totores

229 4070 268 4110 ooo
368 4053 527 4124 Impediunt
547 4055 621 4126 stepo
642 4054 862 4110 commessura
884 4052 965 4126 toqui.

279 4137 316 4194 Id
334 4138 474 4211 referam,
495 4138 574 4193 dubio
596 4137 719 4194 terrebat
735 4140 847 4193 uictoria
865 4135 974 4203 Morte,

365 4224 403 4280 lta·
422 4222 506 4295 Repis
524 4237 653 4294 praesens
674 4222 777 4277 dextro
798 4224 901 4278 tulisset
919 4237 1015 4294 opem:

146 4438 179 4473 ¹⁸⁸
198 4439 357 4492 christicnlin
378 4443 401 4490 t.
462 4440 494 4473 ¹⁸⁸
513 4439 622 4502 Caessr,
642 4439 792 4505 imperator
810 4437 1008 4498 Romanorum,
1028 4455 1076 4489 rex
1095 4438 1308 4500 Germanorum,
1329 4452 1372 4488 nr·

77 4524 178 4575 chidnx
197 4525 324 4576 Austrioe.
390 4524 423 4558 ¹²⁰
441 4541 514 4576 suos.
528 4528 586 4575 1.2.
644 4521 1110 4588 ¹⁷⁰Mnr1n.]Libyen,Africnns.
1168 4521 1200 4556 ¹⁷¹
1217 4522 1329 4587 erynnis
1348 4525 1371 4573 1.

75 4609 195 4673 Erynnis
214 4613 239 4660 2.
310 4608 342 4642 ¹⁸⁸
365 4611 529 4674 Quindecim
554 4609 632 4660 milia
654 4608 867 4660 lectissimorum
893 4608 1030 4674 equitum,
1055 4608 1205 4658 secundnm
1227 4607 1370 4659 Bembnm.

75 4691 109 4725 ’θ’
125 4691 231 4759 leones]
245 4694 355 4745 Veneti.
410 4692 443 4726 ¹⁸⁶
460 4695 636 4745 Exncinntt.
685 4692 717 4726 Μ
735 4693 838 4760 Pugnae
853 4692 1198 4758 adnbdusmdoscriptio.
1218 4692 1370 4744 celsano.

75 4777 124 4829 lib.
138 4778 200 4830 Vll.
213 4779 231 4831 i.
245 4779 264 4831 f.
317 4778 351 4812 Μ
368 4794 492 4846 pensons¹
502 4784 526 4830 1.
