3294 5408
436 402 540 437 annun
552 402 596 435 111.
616 402 652 435 ΔΙ)
666 401 860 437 WOLFGANGVM
874 401 909 435 DE
922 400 1094 435 EBBRSTEYN·

324 558 415 637 Inque
438 567 501 618 ines
523 556 624 621 derides
647 558 770 618 icrreuii
793 554 898 617 moliar
920 575 987 617 ore:

407 661 483 721 Num
508 661 608 738 cupis,
632 678 664 728 o,
688 659 749 719 saio
770 659 940 720 candidiore
963 661 1038 720 i'rui?

324 763 392 824 liaec
415 762 483 831 ribi,
507 761 587 823 clare
610 780 723 831 comes,
747 761 806 822 sato
828 761 965 838 meliore,
990 763 1133 822 iercuiern

273 886 299 926 ³2
406 865 544 942 Suscipe,
568 864 701 926 fortunas
724 865 926 925 commiscente
950 883 1045 931 meas,

325 966 467 1045 Quodque
490 966 542 1050 [ibi
564 985 689 1044 cuperes
711 967 789 1036 ficri,
813 968 837 1027 si
861 974 891 1026 iu
914 967 1002 1027 misor
1025 985 1117 1037 esses,

408 1069 473 1130 Huc
496 1069 566 1130 ades
589 1076 617 1130 et
639 1068 728 1147 lapsis
750 1086 878 1147 suggere
900 1068 990 1129 rebus
1012 1086 1108 1146 opem.

325 1172 447 1250 Respice
468 1173 498 1231 in
521 1171 657 1232 humanis
679 1190 744 1250 qum
766 1172 824 1230 sint
845 1171 1013 1232 discrimino
1034 1168 1139 1242 robus,

273 1294 298 1333 so
406 1270 530 1351 Respice
553 1291 640 1351 quam
665 1275 777 1333 verium
800 1274 871 1333 Sors
893 1281 959 1350 agat
982 1274 1155 1351 imperium:
1324 1271 1411 1348 {m

326 1374 396 1446 uuae
418 1375 489 1436 mihi
512 1393 590 1437 nunc
612 1375 685 1435 dura
709 1384 767 1443 esi,
792 1376 885 1454 poluit
907 1394 1024 1455 quoque
1046 1374 1148 1436 ludere
1171 1384 1284 1442 iecnrn;

409 1477 610 1538 Noncertum
634 1485 678 1538 ost
700 1478 757 1538 hoc
778 1487 807 1539 te
829 1495 915 1557 posse
939 1496 1060 1539 monere
1082 1485 1167 1540 siaiu.
1199 1528 1203 1537 .

241 1650 244 1655 ,
326 1580 417 1659 Finge
440 1588 504 1639 iuas
527 1579 647 1642 volucer
670 1581 765 1643 veniat
786 1579 933 1643 Vulcanus
955 1581 985 1652 iu
1007 1580 1099 1647 mdes,

229 1738 233 1745 .
275 1705 300 1744 u
407 1682 443 1742 m
465 1689 584 1743 centum
605 1683 747 1744 indomito
771 1683 866 1743 diruet
889 1684 956 1761 igue
978 1684 1097 1750 domos;

328 1784 418 1862 Finge
439 1792 504 1845 tuas
526 1801 658 1862 preceps
679 1793 747 1846 ruat
770 1792 800 1845 ui
822 1785 976 1864 Neptunus
998 1787 1027 1845 in
1051 1802 1154 1862 agros,

410 1887 557 1965 Spemque
580 1889 661 1955 anni,
685 1886 765 1948 iaetcs
788 1888 902 1948 deiiciai
923 1894 1055 1965 segetem

252 2058 261 2069 ,
326 1990 416 2069 Finge
438 1990 591 2069 repentina
616 1989 765 2051 coniectos
786 1998 882 2050 morie
904 1996 1042 2069 parentes

274 2113 300 2153 u
408 2093 481 2154 Ante
504 2093 580 2153 dieru
604 2092 727 2152 miseros
750 2093 1070 2170 exposuisseanimes,

328 2195 364 2256 m
386 2215 453 2256 eum
476 2194 611 2255 iucundis
634 2174 736 2255 affines
759 2194 866 2255 cedere
889 2195 1005 2255 amieis:

411 2297 485 2370 Quid
510 2304 645 2375 superest
667 2296 713 2357 iila
737 2297 905 2358 conditione
926 2296 995 2357 tihi?

328 2400 371 2461 Dii
393 2407 490 2459 iernen
514 2405 661 2469 avertant,
685 2418 721 2459 ne
744 2407 772 2460 te
796 2398 870 2460 maia
893 2386 971 2460 inuia
993 2400 1169 2478 sequantur!

276 2524 301 2562 n
408 2501 444 2562 m
466 2510 496 2561 iu
519 2501 644 2562 ioriuuae
666 2503 708 2562 sic
731 2519 845 2562 ruemor
868 2520 932 2563 esse
955 2501 1039 2571 velis,

327 2604 455 2684 Ouaeque
478 2603 528 2664 uhi
551 2605 681 2665 noudum
704 2605 819 2675 nocuit,
843 2605 972 2683 potuisse
995 2611 1159 2665 memento:

410 2704 602 2784 iiie'quidcrn
625 2708 744 2786 ancipiti
767 2707 873 2786 riuique
896 2708 1031 2787 repitque
1054 2716 1133 2768 reite:

328 2811 421 2888 dique
444 2808 494 2869 ubi
518 2810 655 2886 cognoris
677 2817 866 2888 mentemque
888 2810 1069 2870 immerseris
1091 2810 1164 2879 iliis,

277 2931 302 2970 so
411 2909 548 2970 Foriurue
573 2911 689 2972 [eudem
714 2913 922 2973 comnriserere
944 2932 1032 2973 mem:

328 3013 384 3073 Tei
406 3015 523 3073 crucior
546 3012 670 3079 morbis,
695 3012 858 3092 ausumque
881 3024 1011 3075 remotus
1034 3014 1070 3075 ab
1094 3014 1164 3084 iliis,

412 3116 495 3178 Unde
519 3114 595 3175 soret
617 3116 727 3175 misero
749 3134 817 3194 spes
840 3116 980 3195 capienda
1005 3117 1093 3185 miiii;

327 3217 427 3280 Rebus
450 3234 540 3292 egeus
563 3224 591 3278 oi
613 3219 698 3296 inops
722 3219 857 3296 curisque
880 3218 1005 3279 adiicius
1027 3221 1149 3287 orunris,

277 3341 301 3380 so
410 3320 633 3396 Quamcumque
655 3321 796 3397 aspicies,
820 3320 874 3380 linc
898 3341 952 3395 rgo
975 3328 1058 3399 poue
1081 3340 1211 3401 premor.

327 3423 394 3483 Herc
417 3430 445 3483 ie
469 3431 672 3503 permoveant,
697 3441 751 3482 nec
774 3424 813 3483 sis
836 3424 864 3482 in
888 3433 991 3483 currere
1016 3423 1123 3491 durus,

314 3584 318 3594 ,
412 3525 584 3604 Auxilioque
610 3523 678 3585 celis
701 3542 759 3602 quo
783 3524 849 3586 licei
872 3545 935 3586 esse
959 3525 1038 3585 urild.

329 3629 377 3687 Sic
400 3626 451 3691 ubi
475 3645 542 3686 cuur
565 3626 706 3687 membris
729 3628 844 3687 nrriruus
867 3646 984 3706 quoquc
1008 3637 1141 3706 terrrpore
1164 3635 1288 3693 crescat.

277 3748 303 3789 oo
413 3728 448 3787 Ei
472 3730 548 3787 rives
566 3728 677 3816 pridies·
700 3729 755 3789 irae
779 3729 923 3807 probitoie
946 3731 1025 3798 dies,

327 3831 388 3891 Nec
411 3830 460 3890 uui
483 3830 621 3890 Foriurne
644 3830 732 3892 socies
755 3850 855 3892 avorsa
878 3841 1011 3910 geroium

415 3932 451 3991 Et
472 3951 563 4010 super
585 3933 711 4011 aequales
733 3936 771 3993 sii
794 3934 844 3994 uui
868 3941 969 4013 purius
993 3934 1097 3995 honor.

191 4155 215 4187 ³⁰
232 4155 403 4208 canonicor.
423 4155 471 4205 sed
486 4171 555 4204 corr.
569 4155 643 4204 Huic.
657 4162 682 4204 et
700 4162 747 4205 uel.
761 4173 826 4206 rumu
873 4155 894 4188 ³¹
912 4158 958 4222 ᾖτε
971 4160 994 4206 1.
1041 4155 1063 4187 ³⁶
1081 4155 1188 4219 §nitunt
1200 4160 1224 4208 1.
1277 4155 1299 4187 ⁴¹
1318 4155 1414 4207 01111.

143 4240 214 4293 'enen
232 4244 258 4289 1.
294 4238 315 4271 ⁴⁹
334 4238 421 4304 011th
440 4243 462 4289 I.
515 4238 537 4271 ⁵⁰
555 4240 620 4289 llrrc
634 4242 762 4291 Fortuuae
781 4242 872 4304 increpo
891 4243 1039 4292 innumeris
1052 4242 1282 4292 Hutirninuorurn
1301 4257 1416 4307 opuscu-

143 4341 211 4375 ornm
224 4325 294 4375 lucin
308 4325 388 4376 redit.
408 4325 445 4374 ci.
460 4326 537 4389 impr.
550 4325 650 4389 dialog.
665 4328 822 4376 Fortunam.
863 4326 892 4367 ··'’²
909 4325 1018 4389 justene
1033 4330 1054 4376 1.
1102 4325 1123 4357 ³³
1141 4328 1233 4387 Miror,
1249 4327 1416 4390 quodetiam

143 4409 283 4459 dohnikius
301 4410 416 4460 miratus
435 4415 491 4472 esi,
515 4427 549 4459 ue
569 4411 620 4460 hoc
639 4411 747 4475 quidem
766 4412 826 4461 ioco
846 4413 941 4461 matris
961 4413 1124 4462 ruentiouom
1150 4411 1243 4461 facere
1267 4416 1415 4474 cuononem,

146 4510 187 4544 um
205 4495 359 4562 praesertim
377 4496 438 4561 ipsu
456 4511 561 4560 quoque
581 4513 596 4546 o
615 4503 697 4559 genic
717 4497 908 4557 Ebcrsteinin‚
933 4498 1058 4561 quemvis
1081 4511 1134 4544 nou
1159 4495 1208 4545 illc
1226 4497 1416 4555 I‘omeranicn,

143 4570 243 4630 ›rinnds
264 4581 375 4633 fuisset.
445 4579 467 4611 ⁵⁶
485 4582 681 4646 eramcunquo
701 4587 760 4633 23.
829 4580 851 4612 ⁵⁷
868 4583 915 4645 {itt
934 4585 956 4630 t.
1026 4591 1184 4644 peruentum
1203 4585 1226 4631 1.
1253 4582 1289 4631 cf.
1309 4581 1379 4648 eleg.
1393 4584 1416 4633 1.

143 4678 157 4712 r.
169 4664 211 4715 δῖ).
263 4664 284 4697 ‘¹
303 4665 400 4728 {nitunt
420 4669 442 4715 Ι.
495 4665 518 4697 ⁵²
537 4670 632 4730 tqunirn
651 4670 674 4715 1.
696 4668 733 4715 De
751 4672 882 4717 rectorruu
901 4667 999 4715 dietum
