3294 5408
502 394 504 399 Α
526 422 649 460 nuruum
662 423 691 457 ru
706 421 815 458 LAVDE!
831 422 962 458 UARCBIAE
975 421 1095 458 CARUEU.

370 576 441 648 Quis
463 596 522 638 non
545 585 605 638 tam
627 577 748 647 'lanais
772 597 827 639 neo
849 578 977 640 abundat
1000 578 1091 639 dorus
1114 576 1255 651 Orontes,

453 680 514 742 Nec
536 680 671 758 Plrrigius
694 681 825 742 Xanthus
848 668 1067 760 llomuleusque
1088 680 1201 742 Tibris:

368 782 502 844 Piscibus
524 782 683 843 Eridanum
707 784 808 851 vincit,
833 783 1017 862 celeremque
1041 783 1202 853 Caistrum,

318 906 343 947 ur
450 885 563 963 Quique
585 887 647 945 suis
668 885 757 962 agitat
778 885 855 946 lulra
878 884 993 947 metalla
1017 885 1110 946 radis:

368 985 475 1048 llultus
496 986 533 1047 ab
557 986 693 1047 lidricola
716 988 848 1049 dclcrtur
871 989 971 1067 earpio
994 996 1096 1064 gente,

479 1088 515 1149 Et
537 1107 654 1149 crassus
676 1089 807 1168 polipuS,
831 1090 1032 1169 curreremque
1055 1090 1151 1169 lupus

369 1193 444 1253 Sunt
466 1209 583 1270 quoque
606 1199 723 1252 mutatae
745 1195 903 1271 peregrino
926 1192 1021 1254 sidere
1044 1211 1174 1261 merces,

318 1312 343 1353 ao
452 1290 530 1362 Orias
553 1292 710 1373 opulentus
732 1293 839 1365 airolis,
864 1295 945 1356 ludia
968 1296 1027 1355 sire
1050 1295 1137 1356 dedit.

369 1395 513 1473 Egregius
536 1395 625 1456 urbes
648 1380 734 1475 atque
756 1396 829 1457 altas
852 1397 982 1477 possidet
1003 1416 1102 1468 arces,

454 1497 650 1577 Templauue,
674 1497 819 1559 ceelicolas
841 1517 907 1577 qum
929 1499 1062 1562 decuisse
1084 1507 1177 1578 putes.

369 1601 424 1663 llic
446 1600 575 1663 loaclrim
598 1603 750 1679 princepe,
773 1603 881 1679 sceptri
902 1620 1056 1663 successor
1078 1603 1161 1672 aviti,

318 1724 343 1768 aa
450 1702 520 1764 l'alc
543 1722 594 1763 sua
617 1722 654 1764 nc
676 1721 735 1763 nou
759 1705 786 1764 in
811 1705 931 1782 regione
955 1704 1044 1774 loret,

299 1794 303 1801 ’
370 1806 527 1887 Gymnasio
541 1804 657 1866 solidas
679 1807 772 1866 crexit
794 1805 830 1866 ad
853 1813 928 1866 astra
953 1805 1119 1877 columnas,

456 1906 518 1978 Oua
541 1900 804 1987 Frarrcplrordiacm
827 1909 957 1968 cernitur
980 1907 1062 1968 urbis
1084 1928 1173 1987 opus:

370 2010 515 2089 ingenuas
538 2018 617 2071 artos
639 2011 719 2071 dedit
739 2010 812 2079 huc,
837 2010 1032 2089 sophieasquo
1055 2019 1201 2081 catervas,

319 2134 344 2175 as
453 2113 507 2174 llic
529 2132 580 2175 sua
605 2114 654 2192 qui
675 2113 800 2173 doceant
822 2113 952 2173 carmina
975 2112 1103 2175 Phoebus
1125 2113 1223 2176 habet.

371 2214 395 2276 0
418 2216 509 2277 bene:
533 2214 639 2276 diuitiis
661 2215 809 2276 adduntur
830 2214 965 2275 Pallados
987 2222 1081 2284 artes,

398 2320 405 2327 ’
454 2318 521 2378 llaec
543 2317 619 2377 laona
642 2326 710 2379 sunt
732 2326 817 2378 terrm
840 2317 978 2378 diriciora
1001 2335 1070 2378 suae.

370 2418 463 2481 Terra
486 2421 566 2481 lerax
590 2420 708 2496 lrugum
731 2420 881 2480 lucrmdas
903 2421 1032 2497 conc-ipit
1053 2427 1147 2495 artes,

319 2541 345 2583 aa
452 2522 552 2583 luucta
576 2529 619 2583 cst
641 2521 791 2583 Panchaeis
815 2521 953 2601 Cecropis
976 2540 1027 2581 ora
1049 2521 1131 2583 locis.

370 2623 481 2688 Caetera
504 2643 563 2703 quo
585 2623 690 2685 melius
713 2642 831 2693 noscas,
856 2623 935 2684 lrunc
958 2622 1039 2685 volve
1061 2622 1206 2693 libellum,

454 2727 575 2811 Lector,
598 2734 680 2787 utet
702 2725 788 2786 tellus
810 2733 877 2786 crota
900 2727 937 2786 sit
959 2724 1005 2786 illa
1029 2725 1096 2787 tilri:

370 2829 439 2890 llaec
462 2837 491 2891 te
513 2829 698 2890 llarolriticas
720 2827 828 2889 eluceant
850 2836 1038 2889 monumenta
1061 2847 1115 2907 per
1137 2848 1219 2891 oras:

318 2951 345 2994 uo
454 2932 502 2992 Sic
525 2930 591 3000 tibi,
616 2932 666 3010 qui
687 2929 784 3001 latuit,
809 2932 943 3007 cognitus
965 2930 1046 2992 orbis
1069 2932 1139 3001 erit;

370 3033 503 3095 invenies
525 3032 585 3093 illic
607 3051 672 3111 quae
695 3039 724 3093 te
747 3031 851 3111 legisse
873 3032 1000 3102 iuvabit,

454 3135 529 3197 llum
552 3152 722 3212 nonquam
745 3135 859 3212 relegas
882 3134 993 3196 laeseris
1015 3135 1061 3195 illo
1086 3138 1176 3214 prius.

370 3238 400 3300 Si
422 3244 520 3299 tamen
543 3237 600 3298 hoo
622 3237 754 3316 quaedam
779 3238 886 3297 iruerint
908 3245 1003 3297 errata
1026 3237 1140 3308 libello,

319 3359 344 3399 eo
451 3341 560 3408 Parce,
584 3358 666 3401 mora
692 3339 782 3401 celeri
804 3339 934 3400 condidit
955 3347 1041 3401 autor
1063 3359 1147 3420 opus.

236 3542 258 3576 ¹⁸
281 3546 367 3607 Queis
385 3549 410 3595 5.
469 3542 492 3577 ¹⁴
514 3546 651 3609 Phrygius
670 3546 744 3594 3...5.
807 3545 915 3593 Xantus
933 3549 958 3594 5.
1032 3542 1054 3575 ¹⁵
1077 3544 1222 3609 Caystrum
1242 3549 1305 3597 Μ.
1324 3549 1384 3599 dod.
1403 3549 1456 3599 Ku-

166 3645 236 3680 raeu.
289 3628 310 3663 ¹⁰
327 3630 480 3691 Pactolum,
501 3629 628 3680 auriferis
640 3627 752 3678 harenis
770 3628 946 3689 celebratum,
966 3629 1159 3694 Chrysorroan.
1213 3629 1234 3662 ¹³
1251 3630 1371 3697 Polypus
1385 3636 1457 3685 3...5.

167 3714 263 3765 cancri
280 3715 406 3765 Viadrini
423 3715 559 3780 hodieque
579 3713 762 3764 celebrantur.
829 3713 1016 3779 caeruleusque
1036 3717 1108 3765 3...5.
1164 3713 1255 3782 lupus]
1274 3716 1365 3767 lucius
1385 3734 1457 3768 esox.

168 3796 189 3831 ¹⁹
207 3804 312 3850 mutate
324 3804 350 3852 2.
385 3797 407 3833 ²¹
426 3799 566 3849 caelicolas
581 3802 637 3851 3.5.
691 3814 742 3863 que
762 3802 787 3848 2.
806 3801 888 3864 (quae
908 3799 943 3864 1.)
978 3797 1000 3830 ¹⁸
1019 3799 1176 3851 Ioachimus
1189 3802 1212 3854 1.
1231 3800 1353 3852 marchio
1371 3804 1457 3854 Brau-

170 3884 369 3950 denburgensis
387 3886 597 3937 universitatem
615 3883 780 3935 litterariam
799 3885 1059 3940 Francolurtcnsem
1078 3885 1209 3948 condidit,
1230 3887 1307 3937 cuius
1326 3886 1459 3939 sollemnis

170 3970 345 4037 inauguratio
363 3970 388 4021 d.
403 3969 444 4021 to.
458 3971 521 4037 Apr.
536 3986 561 4020 a.
576 3968 649 4019 1506.
663 3969 740 4018 facta
760 3974 810 4019 est.
875 3967 897 4001 ²⁴
915 3987 921 4019 :
936 3969 1004 4020 Tale
1072 3970 1155 4021 soret:
1178 3975 1201 4021 1.
1220 3972 1371 4023 Academia
1388 3974 1458 4023 Wit-

167 4055 360 4121 teubergonsis
384 4055 496 4106 condita
519 4056 610 4105 luerat
629 4071 653 4104 a.
670 4051 742 4105 tour.
811 4053 834 4086 ²⁶
852 4055 1078 4105 Franclordiacee
1096 4061 1121 4106 5.
1190 4054 1213 4088 ¹⁷
1231 4056 1413 4123 Vigilantiam
1431 4065 1460 4108 et

167 4139 312 4206 Rhegium.
382 4139 404 4173 ²⁹
422 4140 546 4190 Palladis
564 4145 589 4190 5.
653 4138 675 4171 ³⁰
693 4145 780 4189 terrra
798 4143 822 4189 2.
876 4140 1005 4190 divitiora
1025 4143 1098 4193 3....5.
1162 4138 1184 4171 ³¹
1201 4142 1348 4192 Panchaeis
1365 4159 1458 4194 omnes.

166 4227 215 4276 sed
232 4227 359 4278 Huttenus
376 4228 452 4279 uoluit
465 4226 608 4291 Pungoeis:
628 4242 684 4274 nour
701 4224 847 4274 Tic-aeirem
863 4225 1022 4288 fertilitatem
1039 4241 1092 4274 eum
1110 4227 1299 4276 Atheniensium
1317 4231 1384 4277 cultu
1402 4245 1459 4279 eorr-

168 4314 270 4376 e'unpere
288 4312 509 4377 Francpllordiam
526 4317 570 4360 ait.
591 4313 623 4360 ele
641 4309 741 4360 Arabia
759 4327 808 4360 non
826 4312 953 4374 cogitauit.
1016 4308 1039 4343 ⁸³
1058 4311 1160 4361 Cetera
1179 4315 1251 4362 3...5.
1320 4311 1342 4344 ⁸⁸
1360 4312 1459 4364 leseris

168 4400 226 4447 1.2·
245 4397 414 4463 vigilantius
432 4397 460 4447 in
480 4395 545 4446 ‘illis
563 4397 750 4445 monumentis'
770 4396 855 4445 ctiam
873 4394 951 4460 leges
969 4411 1109 4460 moresque
1128 4397 1226 4462 quibus
1247 4397 1362 4447 studiosi
1381 4414 1459 4464 rege·

169 4487 275 4543 rentur,
300 4482 456 4548 descripsit.
492 4482 558 4531 Vult
580 4482 674 4547 itaque
700 4486 782 4548 poeta
800 4481 959 4530 memoriam
977 4481 1155 4532 Francofurti
1174 4487 1279 4548 gratam
1298 4484 1460 4549 semperdis

170 4566 228 4616 lore
246 4581 314 4632 quos
332 4568 447 4619 civitate
466 4567 628 4618 academica
646 4582 700 4617 non
719 4566 846 4631 indignos
865 4565 1049 4616 reddidissent
1066 4567 1178 4632 propria
1195 4572 1322 4633 peccata.
1374 4564 1399 4600 ⁴⁰
1413 4582 1460 4618 au·

171 4655 230 4701 ctor
248 4654 322 4702 ³...5.
