3294 5408
172 376 245 447 148
269 404 393 442 ΕῙΜΙΙΙ
401 403 440 440 ΑΒ
449 402 514 440 038·
522 401 735 439 llssfflfflsslv!
746 402 780 437 VT
791 401 902 438 Bnunvtt
912 400 942 435 lu
953 400 1077 436 VENETOS
1089 400 1205 442 rnoan.
1214 400 1462 435 announnromvtt.

371 558 433 618 Neo
454 555 561 637 procul
582 555 651 616 hino
672 561 772 615 natum
797 555 911 614 iunesta
934 562 1031 631 strage
1055 553 1221 633 Philippum

321 679 358 720 ua
453 658 582 720 Plurima
604 665 672 734 post
695 656 813 717 tandem
835 653 913 715 milia
937 657 1143 721 eaesareters:

372 761 407 822 Et
429 768 457 821 te
480 762 536 820 iam
560 758 672 835 Regem
694 756 820 818 duoihus
843 763 926 835 pater
947 758 1011 834 ipse
1034 759 1143 816 coactis

456 862 589 929 Dixerat,
613 876 734 920 assensu
757 857 939 936 consilioque
962 859 1087 925 dueum,

372 964 460 1025 Eiieis
482 982 498 1023 a
521 962 622 1041 patriis
644 960 770 1020 Matthiae
793 966 888 1020 castra
913 961 1027 1038 tyranni

267 1099 272 1110 =
317 1085 355 1126 mo
449 1063 589 1124 Sedibus:
611 1063 642 1122 in
664 1079 757 1140 regno
779 1060 896 1122 sederat
917 1060 966 1120 ille
990 1069 1056 1121 tuo:

369 1167 486 1226 dustria
508 1174 579 1225 tuno
601 1164 704 1231 armis,
728 1168 799 1222 tunc
822 1181 927 1240 magna
950 1161 1060 1222 Vienna
1084 1170 1200 1241 recepta
1225 1170 1286 1226 eet,

454 1266 490 1326 Et
512 1266 565 1327 tibi
586 1284 619 1326 se
639 1271 731 1324 totam
754 1264 903 1324 Pannonis
925 1282 977 1323 ora
999 1263 1087 1325 dedit.
1148 1290 1153 1295 ·

371 1368 476 1428 Omnia
501 1366 580 1427 caede
602 1364 717 1442 repleS,
741 1373 770 1425 et
792 1383 830 1426 ne
852 1367 915 1425 sine
938 1364 1061 1425 testibus
1083 1365 1140 1424 hoe
1162 1366 1214 1430 sit.
1276 1389 1278 1393 ¹

318 1489 358 1530 eor
454 1469 528 1530 lster
550 1467 587 1527 ab
610 1467 708 1528 hostili
731 1466 814 1527 clade
837 1473 977 1527 eruentus
1000 1466 1076 1533 ahit;

370 1571 431 1631 Neo
453 1569 506 1631 tihi
527 1567 663 1645 vulgares
685 1567 770 1628 solrit
792 1569 875 1646 nigra
898 1568 985 1628 iactio
1007 1586 1125 1646 prunas,

453 1672 547 1744 Quam
569 1669 667 1749 laquei
689 1671 791 1731 miami
813 1678 907 1731 morte
930 1672 1030 1746 perire
1051 1670 1132 1728 lacis.
1156 1697 1159 1702 ·

368 1927 421 1984 Neo
442 1928 537 2003 procul
561 1929 622 1984 hino
645 1935 739 1982 natum
763 1927 869 1982 funesta
893 1935 984 1999 strage
1007 1925 1163 2000 Philippum

451 2012 570 2068 Plurima
593 2020 657 2085 past
681 2011 790 2068 tandem
812 2010 886 2066 milia
908 2029 976 2066 emsa
1000 2010 1102 2072 reform

366 2097 401 2166 lit
424 2106 450 2153 te
473 2097 524 2153 iam
547 2097 648 2170 Regem
670 2095 783 2153 ducibus
806 2103 884 2168 pater
908 2096 965 2169 ipse
987 2096 1089 2150 coactis

315 2198 353 2239 too
451 2181 570 2244 Dixerat,
594 2198 706 2238 assensu
728 2179 897 2252 consilioque
920 2181 1031 2250 (luerim,

368 2267 469 2322 Deiicia
491 2283 529 2322 ex
550 2267 648 2340 patriis
670 2265 776 2322 Mathia
797 2274 886 2328 eastra
910 2266 1016 2338 tyranni

454 2351 582 2406 Finibus:
606 2352 632 2406 in
655 2367 741 2423 regno
765 2350 872 2406 sederat
895 2349 940 2405 ille
963 2358 1025 2405 tuo:

368 2435 477 2491 Austria
502 2443 566 2491 tune
589 2435 684 2496 armis,
708 2442 772 2490 tuno
795 2451 892 2507 magna
916 2433 1016 2489 Vienna
1038 2440 1146 2507 roeopta
1170 2443 1226 2493 est.

317 2537 355 2578 aot
449 2518 481 2574 Et
504 2518 558 2598 tihi
576 2536 605 2576 se
628 2527 713 2575 totam
734 2519 870 2574 Pannonis
894 2535 941 2574 ora
964 2518 1046 2573 dedit.

369 2605 461 2660 Omnia
485 2603 555 2662 crede
579 2604 682 2677 reples,
705 2618 772 2659 neve
793 2603 845 2658 hoc
868 2603 926 2658 sine
951 2602 1067 2658 testihus
1090 2609 1175 2669 esset,

454 2687 523 2744 ister
546 2687 579 2743 ah
601 2687 695 2744 hostili
718 2689 793 2743 ooede
814 2697 944 2744 cruentus
967 2696 1044 2742 erut:

368 2774 422 2830 Neo
445 2773 493 2828 tihi
516 2773 641 2846 vulgares
664 2772 745 2828 solvit
768 2772 845 2846 nigra
869 2773 951 2828 tactio
974 2789 1081 2846 prenae,

318 2875 357 2916 aoe
452 2858 535 2913 Hanc
557 2857 646 2931 laquei
672 2857 765 2913 iniami
788 2865 877 2914 morte
901 2857 990 2930 perire
1014 2856 1096 2910 trebes.
1400 2874 1460 2924 (ren)

235 3106 268 3140 ⁵⁵⁵
286 3106 431 3173 Philippus
455 3106 560 3156 relictis
584 3122 609 3156 a.
626 3104 699 3155 1505.
719 3121 780 3155 cnm
803 3121 887 3156 uxore
906 3105 1032 3154 Iohanne
1051 3102 1219 3154 Feralinandi
1239 3104 1376 3155 Catholici
1402 3107 1460 3156 tilia

166 3192 304 3244 Bruxellia
322 3209 370 3241 rex
383 3190 555 3241 Caetiliuuue
575 3190 667 3240 iactus
686 3191 799 3239 moritur
810 3189 910 3253 Burgis
927 3189 1046 3237 nondum
1057 3187 1091 3236 211
1104 3204 1190 3238 annos
1207 3194 1297 3239 natus.
1345 3190 1378 3222 ³⁵⁶
1398 3191 1459 3240 mil-

167 3276 206 3326 lia
225 3281 299 3327 3...5.
342 3274 376 3306 W
395 3271 510 3338 coactis]
531 3275 701 3327 convocatis.
716 3289 741 3323 a.
757 3271 830 3323 1486.
844 3272 870 3322 d.
887 3270 925 3322 16.
939 3273 1022 3321 Febr.
1037 3274 1226 3323 Francoiurti.
1274 3273 1306 3304 ⁵³⁹
1325 3275 1459 3324 Matthias

170 3360 305 3411 Corvinus
331 3360 485 3425 Hungariae
514 3374 563 3408 rex
588 3358 621 3421 (†
639 3358 664 3408 d.
678 3356 702 3408 6.
716 3359 781 3423 Apr.
796 3373 821 3407 a.
838 3356 911 3407 1490.
929 3357 1118 3420 vindobonae)
1148 3358 1251 3407 frustra
1274 3359 1459 3408 hiaximiliani

167 3444 333 3494 electionem
357 3444 490 3508 impedire
514 3444 665 3493 studuerat.
702 3441 802 3491 Statim
825 3441 1003 3491 Freneoiurti
1027 3442 1053 3490 d.
1066 3441 1108 3490 20.
1123 3433 1205 3491 Mart.
1224 3459 1249 3491 a.
1267 3441 1339 3491 1486.
1360 3450 1458 3493 contra

166 3528 244 3577 illurn
269 3526 534 3579 eonioederationem
558 3527 678 3577 inierunt
701 3542 782 3592 reges
799 3526 961 3576 Friderieus
979 3527 1030 3576 III.
1051 3531 1079 3575 ot
1096 3527 1303 3577 Maximilianne
1323 3544 1384 3577 cum
1403 3529 1459 3578 ole-

168 3611 290 3663 etoribus
312 3611 538 3678 principibusque
561 3611 679 3676 imperii.
705 3609 762 3674 (Dn
780 3612 854 3662 Moat
871 3611 922 3662 ΙΙΙ.
936 3610 960 3659 2.
974 3627 1001 3676 p.
1017 3609 1074 3660 153.
1087 3610 1144 3677 eq.)
1168 3611 1292 3662 Tandem
1311 3613 1336 3662 d.
1351 3613 1375 3661 7.
1389 3614 1460 3663 Nor.

169 3712 194 3747 a.
210 3693 283 3745 1491.
302 3696 472 3758 „eoncordia
485 3696 562 3746 faeta
582 3701 624 3746 eet
642 3697 715 3745 iuter
727 3695 900 3745 Fridericum
920 3696 983 3760 imp.
1004 3701 1032 3745 et
1043 3695 1263 3746 Maximilianum
1275 3697 1460 3747 Romanorum

168 3783 197 3827 et
213 3778 366 3844 Hungariae
391 3795 485 3844 regem
508 3779 543 3828 ah
562 3794 630 3841 una,
651 3784 680 3828 et
698 3778 870 3829 Vladielaum
887 3780 1039 3845 Hungariae
1059 3785 1087 3829 et
1104 3780 1244 3830 Bohemiae
1263 3798 1357 3847 regem
1376 3787 1459 3847 atque

167 3877 281 3928 regnum
293 3863 447 3928 Hungariae
466 3863 501 3913 ab
521 3861 611 3913 altera
629 3869 718 3929 parto,
737 3862 781 3913 his
795 3863 912 3928 legibue,
932 3869 964 3913 ut
976 3862 1134 3914 Vladielaue
1146 3881 1195 3930 pro
1212 3881 1279 3916 vero
1291 3866 1368 3931 Rege
1382 3866 1459 3916 Hun-

168 3947 255 4014 gariae
267 3952 381 3998 maneat
398 3962 566 4013 regnumque
585 3948 613 3996 in
632 3946 748 3997 heredes
766 3947 904 3997 masculae
922 3963 986 3998 suos
1004 3952 1138 4012 transeat,
1159 3950 1208 3999 aed
1226 3952 1251 3999 ei
1269 3951 1295 4000 oi
1309 3952 1461 4016 eontigerit

168 4047 201 4082 ex
213 4030 339 4081 humanis
352 4031 487 4082 decedere
500 4030 577 4081 nulla
594 4030 671 4098 prole
690 4031 814 4080 mascula
832 4031 941 4095 relicta,
961 4039 1026 4084 tuuc
1046 4039 1074 4083 ot
1091 4035 1119 4083 in
1134 4051 1165 4083 eo
1180 4050 1247 4085 eaeu
1259 4034 1332 4084 idem
1345 4051 1460 4100 regnum

168 4116 203 4166 ad
215 4115 437 4166 Maximilianum
456 4122 484 4166 et
501 4115 618 4166 heredes
636 4130 700 4166 euos
713 4114 902 4166 devolvatur''.
922 4118 962 4166 lla
972 4117 1047 4168 Mem
1060 4117 1077 4166 l.
1090 4135 1113 4168 c.
1125 4135 1150 4183 p.
1161 4118 1219 4172 2113.
1230 4135 1290 4184 sqq.
1341 4116 1375 4151 ⁸⁰¹
1394 4119 1460 4170 Vin·

167 4200 277 4251 dobona
288 4200 408 4265 (Vienna
419 4200 577 4262 huetriaea)
590 4199 714 4251 Matthiae
733 4215 763 4250 ee
782 4199 897 4251 dederat
914 4201 939 4252 d.
954 4200 976 4251 1.
990 4202 1048 4251 Iun.
1064 4219 1088 4252 a.
1103 4201 1184 4262 1485„
1204 4205 1381 4269 reeuperarit
1399 4221 1460 4255 curn

168 4283 232 4333 aliis
249 4284 403 4355 Austriacia
421 4285 502 4354 terris
520 4284 725 4335 Maximilianue
743 4285 875 4336 defuncto
892 4286 1060 4335 matthiam.
1074 4287 1142 4351 Aug.
1158 4303 1182 4338 a.
1199 4287 1271 4338 1490.
1335 4287 1369 4321 ⁵⁶²
1387 4291 1459 4339 Prin-

167 4368 248 4418 nonis
265 4366 325 4434 ora]
347 4369 510 4420 Pannonica
527 4375 615 4426 terra,
638 4369 792 4433 Hungaria.
862 4367 896 4401 ⁸⁶⁶
913 4369 1041 4434 Eoeempto
1058 4388 1112 4420 meo
1132 4375 1156 4420 1.
1180 4390 1267 4422 marum
1290 4377 1395 4439 antiqua
1413 4376 1459 4424 ud-

166 4455 269 4516 scripsit
299 4451 536 4519 lbie'ithtuuthtolt.
553 4455 655 4505 Nescio
673 4460 761 4504 utmm
779 4455 813 4504 de
831 4454 1027 4505 confoederatis
1040 4456 1240 4507 rebellantibus
1254 4459 1374 4517 rusticis,
1395 4476 1459 4524 qua·

167 4533 208 4584 lea
225 4537 321 4601 primis
339 4537 435 4588 aaeeuli
454 4538 525 4588 xvl.
546 4539 625 4588 annis
644 4553 693 4602 per
711 4539 836 4601 Stiriam,
861 4537 1033 4588 Corinthiam
1058 4540 1181 4605 aliaeque
1201 4543 1332 4592 finitimae
1352 4546 1459 4608 provin-

168 4620 227 4667 cias
245 4620 388 4682 furebant,
408 4621 511 4671 dietum
529 4623 580 4685 ait,
600 4638 635 4672 an
653 4623 687 4672 de
706 4622 825 4672 hostium
842 4624 945 4688 speeie.

234 4701 267 4734 ²⁹⁸
286 4704 358 4754 coeia
376 4709 399 4754 l.
438 4731 443 4741 ·
