3294 5408
608 403 711 440 annau
724 404 751 439 Χ.
769 404 806 440 ΑΙ)
819 404 923 440 roam
936 404 1095 441 dannanus.

413 559 483 620 Pars
505 567 609 620 onerat
630 558 724 619 Ciaria
746 560 853 620 vivacia
876 568 1008 639 tempora
1031 559 1129 631 lauro,

496 662 570 722 Pars
592 670 695 738 vegeto
718 664 782 738 ipsa
804 646 859 721 sun
883 663 1008 723 consulit
1030 663 1158 739 ingenio.

412 764 521 836 tiQua
544 782 577 823 so
599 763 693 824 Varna
718 761 796 825 ceter
819 765 929 824 vicinos
951 764 1045 825 sundit
1067 766 1096 824 in
1119 781 1207 840 agros
1300 752 1308 769 ’
1385 764 1498 854 222¹,ng

296 873 305 884 '
363 886 386 926 ra
494 866 532 926 Et
553 884 646 945 propo
669 865 727 925 dux
751 884 848 926 arcem
872 865 1108 944 diagnopoiensia
1129 866 1232 936 habet,

411 966 609 1029 diarsciraicus
632 966 731 1028 incites
752 969 916 1029 studiorum
938 969 1071 1046 pondere
1093 969 1190 1029 Musas
1367 967 1452 1005 urana.
1519 992 1522 998 ·

1367 1012 1497 1049 flammeria.

496 1069 636 1130 Sustulit:
660 1070 739 1130 huuc
762 1089 818 1149 ego
841 1068 882 1129 nii
904 1070 1015 1146 grande
1038 1069 1129 1131 tatere
1150 1079 1231 1149 puto.
1569 1154 1575 1165 .

411 1171 573 1251 Carpathus
595 1173 624 1232 in
646 1171 736 1233 ssavos
758 1171 860 1251 rapido
884 1172 942 1232 ruit
963 1189 1049 1233 amne
1071 1172 1218 1234 Prutenos
1369 1172 1449 1256 [raa.
1465 1195 1499 1232 aa.

360 1294 386 1335 ao
495 1274 598 1343 istola,
623 1274 764 1335 liantiscau
787 1275 856 1335 darm
879 1276 948 1352 petit
972 1273 1054 1334 irritis
1076 1292 1159 1351 opus.
1328 1273 1498 1356 inarmans.

410 1375 470 1437 illic
494 1376 671 1437 Sucirtenius
694 1379 813 1439 meritos
836 1377 987 1455 descripsit
1006 1378 1131 1445 amicos,
1357 1376 1499 1456 ffiffltgf‘

499 1478 560 1539 lam
583 1479 687 1557 procui
710 1498 724 1539 a
748 1481 840 1558 patria
864 1480 996 1539 Sarmata
1021 1479 1115 1539 iactus
1136 1479 1242 1549 humo;

413 1579 630 1660 Veriteriusque
653 1581 747 1651 ceter,
772 1600 830 1659 qam
853 1599 911 1641 non
935 1580 1062 1642 velocior
1085 1580 1173 1650 alter,
1376 1580 1496 1661 ditm·

360 1701 386 1741 re
495 1685 624 1743 Accessit
646 1684 752 1761 cupido
775 1684 884 1743 musica
908 1690 1034 1743 transtra
1056 1684 1142 1761 pede.
1211 1684 1214 1695 '

412 1783 487 1843 Hinc
509 1784 560 1845 tibi
583 1803 726 1863 regressae
749 1786 788 1865 (ni
811 1787 964 1865 erraveris)
989 1785 1092 1846 obvius
1114 1785 1166 1846 ibit

496 1886 590 1948 Odere
615 1906 680 1947 curn
703 1887 839 1967 nymphis
862 1886 1089 1966 numinibusque
1111 1890 1189 1948 suis:
1368 1888 1494 1971 torma.

411 1988 488 2049 Urbs
510 1997 554 2049 est
575 1989 610 2049 ad
633 1989 712 2050 durii
735 1991 827 2069 ripas,
851 1989 902 2049 uiri
925 1988 1053 2049 diarchia
1076 1988 1161 2050 telius
1326 1988 1498 2068 {sstffitfflffgm

360 2110 386 2150 aa
494 2090 638 2152 Tenditur
660 2091 696 2151 ad
719 2092 805 2160 fines,
830 2091 927 2152 incide
949 2091 1025 2159 Eue,
1049 2100 1129 2160 tuos,

411 2193 534 2255 Nomine
556 2193 737 2254 Francorum
761 2200 879 2274 portus;
904 2192 1074 2269 vigilantius
1096 2192 1161 2257 iiiic.
1331 2195 1493 2278 [nummum

495 2295 645 2356 Musarum
668 2295 745 2356 culto
766 2296 856 2355 tradit
877 2294 913 2355 ab
937 2314 989 2355 ore
1011 2295 1115 2365 decus,

411 2396 624 2477 Trebeiiusquo
647 2417 729 2459 meus
751 2397 916 2458 Pomerano
939 2416 1006 2458 cum
1029 2415 1119 2476 grege
1142 2405 1236 2468 vates,
1380 2397 1499 2478 mm·

371 2520 396 2561 aa
481 2500 536 2572 Qui
558 2499 662 2561 scribit
683 2499 787 2578 tepidis
810 2500 919 2561 cultum
943 2501 1124 2578 epigramma
1147 2501 1258 2562 modis:

275 2636 298 2670 ¹⁵
316 2637 395 2702 Infra
412 2637 572 2687 Iioatocdium
593 2638 684 2687 Varna
700 2637 727 2686 ia
744 2638 814 2685 laeua
831 2637 985 2686 latitudinem
1004 2638 1093 2700 esdad.
1158 2635 1179 2670 ¹²
1197 2637 1354 2699 2tiuracdulk,
1374 2640 1410 2688 ad
1427 2655 1498 2706 quem

206 2726 291 2788 eleeto
309 2722 334 2772 1.
348 2725 483 2786 docmata
501 2728 547 2771 eet.
619 2720 639 2753 ¹⁹
662 2721 708 2771 Ec
727 2721 873 2786 Carpathiis
895 2720 995 2771 suessa
1018 2723 1166 2773 Auetrtaece
1187 2724 1309 2774 montibus
1330 2730 1432 2774 centena
1454 2726 1499 2775 Vr·

205 2812 282 2858 stuta.
351 2805 374 2839 ²⁰
391 2816 442 2871 aaa.
458 2810 481 2856 1.
495 2822 561 2872 opes
580 2809 605 2858 2.
614 2811 639 2858 3.
658 2814 761 2857 temere.
817 2804 837 2837 ²¹
859 2806 1092 2872 „Cirriatophorua
1105 2807 1139 2858 do
1156 2807 1279 2868 sachun,
1298 2811 1411 2861 natione
1430 2810 1497 2860 Pru·

207 2897 289 2943 tenus
307 2908 342 2942 ex
355 2891 469 2942 Gedano
488 2892 625 2954 oriundus,
646 2894 745 2942 artium
763 2892 847 2942 studii
861 2892 1016 2957 Liptzensia
1035 2893 1168 2958 magister
1187 2897 1215 2944 et
1232 2898 1315 2960 poeta
1333 2893 1433 2954 clarus,
1452 2910 1498 2945 ea·

206 2978 323 3027 nonicua
336 2978 506 3027 Warmeneis
525 2982 579 3027 etc.
600 2976 686 3027 edidit
703 2977 866 3043 praectarum
878 2978 1114 3042 Epigrammatum
1133 2993 1201 3043 opus
1220 2983 1249 3028 et
1267 2978 1323 3029 alia
1340 2981 1420 3030 varia
1438 2995 1499 3030 car-

207 3065 308 3112 miua”.
345 3061 592 3112 attadertcenturia
610 3077 677 3112 acrr.
692 3063 791 3128 insign.
805 3062 952 3112 11⁰.va1.
976 3064 1081 3113 Versum
1100 3066 1142 3112 22.
1154 3080 1244 3127 parum
1257 3070 1331 3114 reete
1348 3066 1385 3113 ad
1404 3064 1500 3115 Verbe-

208 3151 269 3198 ram
287 3148 358 3197 tradi
372 3151 423 3197 oatt
440 3147 555 3198 Morum.
566 3165 592 3212 p.
607 3146 666 3198 404.
718 3145 740 3179 ²⁴
758 3144 917 3211 Verberius]
936 3148 1016 3197 Hunc
1035 3147 1163 3210 (norbet,
1184 3147 1327 3212 Hubert),
1346 3148 1379 3198 de
1399 3164 1451 3214 quo
1469 3165 1498 3198 se

212 3232 278 3283 nihil
302 3235 460 3298 conpertase
478 3233 622 3282 adnotavit
639 3232 779 3293 Mohnike,
798 3238 864 3296 puto
883 3248 916 3282 ex
934 3232 1164 3282 Francofurtania
1181 3232 1298 3283 Hutteni
1316 3233 1499 3284 conmilitoni-

213 3315 258 3367 bus
276 3315 343 3367 oiim
361 3318 460 3368 fuisse:
484 3334 547 3367 nam
572 3322 637 3368 anto
656 3317 823 3367 Trebeliana
847 3318 981 3377 carmina,
1007 3318 1040 3367 de
1065 3319 1162 3382 quibua
1181 3318 1284 3368 dictum
1302 3322 1345 3369 eat
1362 3318 1397 3369 ad
1414 3318 1498 3369 tiut.

216 3400 281 3467 eleg.
294 3417 372 3466 erra,
392 3401 445 3452 hoc
463 3419 573 3453 carmen
591 3403 693 3469 iegitur
711 3407 774 3452 ante
793 3403 916 3452 Manovii
932 3402 1127 3453 hexastichon:

595 3488 754 3552 OEbtrtrortua
771 3485 900 3540 tabariae
916 3483 921 3553 l
936 3487 1070 3553 Dautittue
1081 3490 1090 3551 ·Ι

512 3573 626 3638 orateur
644 3573 784 3638 turoniam
803 3573 883 3637 traete
901 3572 1027 3624 reuocauit
1045 3573 1074 3625 at
1094 3572 1172 3626 datr:

587 3655 729 3721 diucitin:
748 3659 847 3712 ttonuia
865 3658 1059 3723 carminibusue:
1079 3662 1142 3721 turo.

511 3746 606 3808 §aanor
625 3744 754 3796 maturat.
774 3744 850 3796 tetre·
871 3744 974 3810 [ituotqe
993 3744 1131 3810 taqueum:

533 3850 538 3858 ·
587 3828 623 3882 tta
641 3830 718 3881 ararit
737 3829 820 3892 caitae
838 3829 866 3881 tn
885 3829 929 3893 tuo
947 3839 1006 3883 natu
1023 3829 1098 3893 ferae·

413 3936 419 3948 x
511 3912 676 3967 torminibus
693 3915 797 3980 perteue
814 3916 888 3978 uiuet.
909 3928 918 3966 2
937 3912 1092 3978 discutitur
1110 3917 1193 3977 terne:

586 3997 666 4062 §tutet
685 4009 706 4050 et
724 4000 829 4061 deccat
848 4011 937 4062 maana
955 3998 1032 4051 tutuo
1049 3998 1105 4063 tuti.

512 4084 557 4141 Sit
573 4089 631 4135 tute
650 4081 773 4137 tratetis·
794 4094 848 4137 tata
866 4093 983 4136 tentatur
1001 4085 1028 4136 in
1048 4084 1108 4136 mbr

586 4168 841 4235 veredariorum:
861 4170 915 4233 Dur
933 4166 1091 4233 arcuimus:
1111 4169 1179 4233 babet

185 4237 267 4294 ΑΗΕ
288 4254 374 4303 etiam
392 4251 473 4303 huius
491 4253 618 4303 Verberii
638 4255 762 4304 carmina
780 4255 809 4303 in
829 4255 943 4304 aliorum
962 4254 1048 4311 libris,
1067 4255 1162 4304 nescio
1179 4269 1252 4303 nunc
1271 4254 1377 4319 quibus,
1397 4270 1441 4305 me
1459 4253 1498 4304 le·

180 4323 278 4382 85⁸&
300 4354 431 4388 memoro.
482 4335 505 4369 ²⁷
522 4339 611 4389 Trans
630 4339 778 4389 orientales
797 4339 929 4389 Marciriua
952 4338 1019 4388 finos
1038 4339 1176 4388 Sarmatia
1194 4340 1358 4389 extenditur.
1410 4338 1433 4371 ²⁸
1450 4339 1499 4389 Ar·

179 4400 270 4463 uitta
292 4430 343 4474 aet.
356 4440 387 4472 m.
401 4439 444 4472 em.
460 4423 528 4472 Gott.
542 4424 628 4472 adeor.
649 4423 691 4473 Cf.
706 4425 759 4475 voi.
774 4426 796 4473 1.
810 4441 836 4489 p.
850 4425 875 4474 5.
889 4440 915 4473 v.
928 4423 970 4473 20.
984 4439 1023 4487 aq.
1093 4421 1114 4454 ⁸¹
1134 4422 1177 4473 cf.
1192 4423 1245 4475 voi.
1257 4425 1277 4474 1.
1291 4440 1317 4489 p.
1330 4423 1355 4472 8.
1369 4429 1398 4473 ot
1416 4441 1442 4489 p.
1459 4422 1497 4473 lu.

173 4484 218 4534 ‘d
238 4507 273 4551 v·
292 4509 329 4571 5.,
348 4508 398 4558 ubi
416 4507 592 4558 adiciendum
612 4515 672 4558 erat
690 4525 787 4559 nomen
806 4511 834 4557 in
849 4508 912 4558 aibo
925 4508 1017 4557 t'iteb.
1031 4507 1166 4568 (Feiretem.
1181 4524 1206 4572 p.
1220 4508 1258 4568 t.)
1272 4509 1322 4557 sub
1334 4510 1422 4574 primo
1435 4525 1499 4558 aca-

170 4562 304 4644 demam
323 4597 465 4643 rector-atu
484 4592 525 4641 aie
545 4593 705 4658 inscriptum
725 4610 785 4644 esso
804 4594 997 4656 „tiermanmra
1015 4592 1160 4642 Trebatius
1177 4593 1210 4642 de
1235 4590 1420 4658 cyaennaeh''.
1457 4593 1500 4642 Iu-

165 4656 227 4772 ἴθ’
228 4658 358 4731 i1³tione
378 4677 507 4727 carminis
526 4677 560 4726 ari
580 4693 619 4743 aq.
632 4695 658 4729 v.
672 4678 714 4727 ttt.
734 4679 875 4744 retraetendi
895 4677 1088 4727 ‘iureconsulti
1110 4683 1139 4727 et
1162 4682 1250 4742 poetae
1268 4678 1409 4727 Laurcati'
1432 4678 1500 4728 titu-

176 4743 220 4784 Μ
247 4762 346 4818 geria

251 4836 401 4900 Heraean
415 4847 483 4898 Ora.
497 4863 560 4899 vor..
575 4847 626 4898 111.
1258 4850 1278 4910 5
