3294 5408
201 403 379 454 ADDENDA
398 403 446 453 AD
465 402 549 453 VOL.
564 403 586 452 1.
601 416 784 453 sererueervu
796 418 832 453 ne
846 418 947 454 eremo
961 417 1131 453 vrernunrro
1144 417 1277 454 euenere.
1310 389 1383 459 545

30 557 33 562 ’
90 586 186 635 narn,
209 577 236 622 in
257 574 328 624 cuiue
346 575 496 638 penultima
515 574 613 638 popina
636 576 728 636 sepitur
747 573 926 638 Expressa
950 570 1153 640 Francolsordij
1178 573 1213 623 ad
1232 573 1331 624 Oderit.
1350 574 1385 625 ab

89 656 193 708 Ioanne
211 653 350 724 Haualuio
369 657 573 723 Calcographo:
593 656 615 707 ir
633 656 712 707 finite
731 657 773 706 die
793 655 932 722 Morleurij
951 657 1004 709 ΚΡ,
1018 656 1095 724 Sept.
1106 657 1185 709 Auno
1202 658 1326 725 montj.
1345 676 1386 710 se·

90 744 194 809 quatio
210 744 353 808 repetenda
368 744 500 792 videntur:

160 822 279 894 [susm
313 824 520 890 ltnttmtilimo
540 829 593 886 [ste]
619 829 646 879 itt
671 828 747 890 utillo
764 829 836 892 lintri
853 824 857 892 Ι
874 843 907 876 ac
932 827 1061 877 domino:
1080 827 1133 879 drio
1151 828 1324 879 Theoderico
1344 826 1386 895 [de

69 909 206 978 suuoeJ:
225 908 394 978 Lubulileuli
407 911 540 977 Episcopo
553 929 560 960 z
574 913 604 961 P.
619 911 787 976 vigilantius
803 914 806 973 Ι
822 911 943 962 Arbilla:
962 913 1052 978 Poeta
1063 911 1086 963 dr
1099 913 1208 964 Orator.
1225 917 1229 976 Ι
1245 913 1272 963 S.
1287 915 1316 963 P.
1331 915 1366 964 D.
1381 911 1384 978 Ι

92 1032 376 1050 ..............
396 995 539 1047 Ioachimu
558 997 591 1047 de
611 996 724 1046 Bulow:
745 1012 845 1062 magne
864 997 920 1062 spei
939 998 1085 1049 iuuenem.
1099 998 1154 1048 iam
1173 998 1386 1063 quinquennium

91 1081 120 1131 in
142 1080 229 1132 ltalia
252 1081 299 1132 sub
322 1095 377 1131 uon
400 1080 559 1146 penitendia
581 1081 802 1147 preceptoribnsz
822 1083 888 1130 mire
918 1082 946 1130 in
970 1084 1044 1133 omui
1069 1082 1215 1134 studiorum
1235 1099 1337 1148 genere
1356 1097 1386 1146 p·

92 1165 202 1218 sciente
220 1165 360 1217 summitti
372 1163 395 1216 it
406 1166 568 1216 Heinrieum
581 1166 615 1215 de
629 1165 731 1216 Bulow.
746 1170 852 1231 tuumqe
871 1181 903 1215 ex
918 1167 1006 1217 sorore
1025 1171 1153 1234 nepotem
1166 1205 1173 1218 .
1186 1167 1387 1217 Theodericum

92 1251 215 1302 isoltzun
228 1287 235 1302 .
248 1250 300 1303 hue
318 1249 534 1317 quantulicnqu
553 1251 732 1300 eruditionem
753 1247 810 1317 [sol.
823 1247 905 1316 Aijl’l
924 1268 1014 1301 meam
1032 1258 1092 1318 eth
1110 1252 1263 1302 doctrinam
1277 1254 1388 1302 maximi

51 1349 87 1390 >ts
97 1335 221 1387 iaciens:
240 1336 308 1386 mihi
332 1331 403 1405 tund
423 1335 533 1385 minime
558 1335 728 1386 continendo
752 1337 909 1401 preceptori
933 1335 1107 1387 erudiendos:
1127 1335 1273 1402 decedesqt
1299 1337 1388 1387 bones

93 1419 190 1471 literas
208 1420 448 1471 tradidisti.rnde
469 1420 577 1486 sperare
595 1420 664 1470 licet
682 1422 710 1469 in
729 1420 866 1486 plusculos
891 1435 977 1472 onnes
1001 1437 1054 1471 non
1079 1421 1135 1471 line
1160 1422 1247 1488 ingeti
1272 1421 1386 1471 honore:

94 1504 265 1556 rumiliacus
287 1509 434 1572 prorogato
456 1506 505 1555 iri:
524 1541 741 1559 ...........
778 1504 834 1571 [Ιοὶ.
847 1501 898 1571 dit]
920 1541 1034 1557 ......
1057 1505 1176 1556 Proinde
1195 1505 1292 1570 hylaro
1311 1506 1389 1556 vultu

95 1589 166 1640 hune
184 1588 307 1640 libellum
326 1595 373 1641 tuo
391 1591 495 1640 nomini
513 1589 694 1655 peculiariter
712 1589 845 1640 dedieetir
868 1590 1007 1654 benignus
1030 1591 1178 1656 accipere
1196 1589 1219 1640 u
1241 1591 1388 1656 presidium

93 1673 173 1725 dulce
192 1674 306 1740 decusq3
324 1690 427 1724 meum.
447 1673 469 1725 ir
488 1691 530 1724 me
550 1676 585 1723 cir
609 1691 723 1725 moerore
748 1691 820 1725 nunc
840 1691 857 1724 a
874 1680 902 1725 te
923 1675 950 1723 in
969 1675 1052 1724 Italii
1075 1675 1242 1726 abeuntem:
1263 1681 1292 1725 rt
1315 1676 1388 1726 sacis

10 1804 12 1841 Ι
59 1772 173 1813 reuma:
191 1758 215 1811 dt
231 1760 303 1811 bene
322 1758 385 1810 vale
404 1758 600 1825 Frdeophordij
620 1760 654 1809 ad
673 1759 792 1810 Oderem
817 1767 917 1810 octauo
935 1759 999 1810 Idus
1017 1759 1101 1825 Meij:
1120 1761 1199 1811 Auno
1218 1761 1389 1811 Duodecimn

10 1883 14 1929 Ι
94 1844 174 1911 supra
198 1843 480 1910 Sesquimillesrmum.
507 1841 631 1908 [subiecto
652 1854 710 1895 eunt
734 1847 844 1911 inripnin
867 1848 984 1910 episcopi
1005 1847 1110 1910 depicto
1133 1862 1186 1895 curn
1208 1846 1257 1895 stoc
1278 1845 1389 1897 ausser-i-

92 1932 180 1995 ptione
197 1943 324 1981 vrarrru
342 1945 411 1979 ures
431 1926 598 1996 roscreen]

162 2015 196 2065 In
213 2014 339 2066 estotim
357 2014 434 2064 libelli
450 2011 525 2080 [pap.
539 2012 721 2081 antepenult]
738 2018 774 2065 od
791 2016 944 2066 Ioocltsnnon
966 2017 1132 2066 marchionem
1150 2016 1182 2065 ob
1200 2017 1310 2066 Aedesio
1328 2016 1388 2066 Plri-

93 2106 206 2164 lortorpo
223 2100 392 2162 Francosurti
406 2100 446 2152 tir
464 2100 855 2163 Solis.n.ltl¹.Srpt.a.1512.
873 2104 973 2166 scripta
990 2104 1059 2151 inter
1076 2105 1141 2151 ulier
1158 2103 1284 2166 principia
1301 2103 1390 2151 leudes

58 2186 152 2238 teter
174 2188 304 2249 tepenter:
327 2181 547 2248 perincertum
570 2181 713 2247 uterinum
736 2185 843 2250 norton:
864 2185 924 2250 nini
947 2182 1105 2250 unitissimo:
1124 2184 1254 2247 trsunno:
1275 2196 1301 2238 nt
1324 2186 1386 2237 uiuo

94 2271 132 2324 tti
154 2270 280 2333 relicitur
302 2268 370 2332 iun:
390 2267 527 2331 insistente
550 2271 652 2320 notent:
671 2276 769 2332 euentu
792 2270 893 2323 obiens:
913 2265 1059 2335 opusrnlnnt
1082 2284 1135 2323 oon
1164 2278 1387 2323 rontrnnrntunr:

95 2356 235 2420 truttmunt
260 2355 424 2407 tntuninnrn
448 2363 564 2406 tuorum:
583 2353 701 2417 trimme
724 2351 905 2419 struuntur:
925 2365 995 2408 tuen
1019 2356 1138 2419 sterion:
1159 2365 1265 2420 tuosque
1289 2358 1388 2408 tenter:

96 2453 147 2494 non
170 2439 358 2504 sinerentur:
379 2453 388 2491 2
407 2439 533 2501 noirtotr
549 2442 654 2502 nument
672 2437 771 2501 serens:
791 2441 852 2504 niti
876 2447 1053 2494 enmuontum
1072 2441 1190 2504 reliquiis:
1210 2438 1389 2504 tteurrrntitli-

94 2538 163 2590 noes
179 2523 319 2589 justitiet:
338 2518 706 2588 ruff01.urr.·.]nmn.nit
725 2521 887 2587 stertente:
901 2534 925 2576 n
944 2526 1059 2578 omniunt
1088 2524 1244 2589 nutiosotutn
1263 2526 1390 2590 vuirunt:

56 2618 118 2664 ten
139 2609 241 2663 tonino
264 2608 325 2672 niti
348 2604 511 2672 pientisitno:
526 2607 631 2675 stipium
652 2607 789 2670 inscripsit:
801 2610 937 2674 tirannus:
952 2608 1035 2661 uoluit
1053 2610 1142 2661 niune.
1160 2607 1293 2673 illustriss.
1311 2611 1341 2674 p.
1356 2605 1390 2660 d.

93 2695 193 2747 litetur
211 2694 265 2745 itt:
285 2705 338 2744 tun
358 2692 455 2756 tunore
477 2691 631 2756 tisernitius:
651 2701 673 2743 rt
697 2692 738 2743 tui
761 2693 874 2743 nominis
897 2691 1055 2745 sententiis:
1070 2696 1167 2756 ruitum
1186 2690 1333 2756 osnrnur:
1346 2700 1391 2745 to·

93 2792 172 2832 nun:
187 2775 320 2839 nunnius:
335 2775 511 2841 sempiternum
531 2789 614 2827 rerunt
634 2784 752 2826 tuorum:
772 2783 797 2824 et
810 2792 833 2824 e.
857 2802 890 2812 -
916 2777 1102 2840 Gundliugnm
1126 2777 1186 2825 haec
1205 2775 1309 2825 bellice
1327 2792 1387 2841 pro·

96 2864 288 2927 gymnasmata
305 2858 429 2909 Berclini
448 2874 472 2909 a
488 2857 562 2907 1718.
575 2860 603 2907 in
625 2857 674 2908 [2⁰.
690 2857 808 2924 oblongo
827 2861 962 2924 repetisse
981 2860 1068 2909 refert
1086 2861 1150 2909 Bne.
1165 2858 1276 2908 Clemens
1295 2860 1391 2910 Biblio-

95 2947 186 3012 isteque
207 2947 322 2995 corseone
346 2949 410 2995 tom.
424 2943 460 2993 ll.
474 2960 500 3009 p.
513 2942 586 3006 3¹3„
602 2959 635 2993 ex
654 2958 706 3007 quo
725 2943 786 2992 loco
806 2940 875 3007 [non
894 2945 916 2996 1.
929 2961 954 3009 p.
968 2941 1042 3008 313.]
1067 2942 1209 2993 Strobelus
1228 2943 1329 2995 Geech.
1341 2944 1391 2993 des

56 3038 85 3081 ao
95 3029 200 3082 Elaeus.
213 3029 265 3080 111.
278 3045 304 3095 p.
317 3027 376 3078 549.
389 3043 438 3094 per
457 3042 574 3078 errorem
593 3027 648 3078 sibi
666 3028 783 3093 sumpsit
797 3028 982 3093 Gundliugum
1002 3027 1120 3078 edidisse
1139 3027 1260 3094 ‘poetica
1278 3029 1390 3093 acripta’

94 3115 187 3167 Publii
203 3113 360 3180 vigilantii.

163 3201 244 3251 Pena
261 3201 299 3250 od
318 3200 450 3264 Viyilontii
466 3201 541 3248 nitnrn
558 3201 610 3248 tine
628 3205 730 3249 rnortern
747 3201 832 3264 potius
849 3201 1005 3263 pertinentia
1022 3197 1097 3248 studet
1114 3198 1155 3247 in'c
1172 3197 1269 3248 libellus
1286 3213 1336 3248 seu
1349 3199 1390 3261 so·

95 3289 185 3339 ssorum
207 3286 390 3352 quadratorum
412 3288 526 3342 ineunte,
549 3292 576 3333 ut
598 3286 709 3340 videtur,
733 3300 817 3333 mense
836 3285 950 3347 Auprrsto
975 3286 1090 3333 (1.1512.
1110 3282 1279 3344 Francosurti
1301 3284 1337 3333 ad
1358 3284 1389 3332 V.

43 3352 47 3359 ⁵
93 3373 250 3438 publicatur,
268 3375 311 3420 eut
325 3372 364 3421 sic
381 3371 529 3434 inscriptum
547 3376 600 3419 eet:
615 3380 712 3421 Num
728 3380 889 3422 tinnitum
903 3379 1052 3422 Tannum
1067 3365 1072 3434 Ι
1086 3368 1199 3418 Notiani
1210 3368 1304 3417 Poetae
1318 3367 1391 3418 Lau-

60 3457 183 3510 seretti:
202 3454 225 3505 sc
241 3456 300 3506 LL.
318 3454 440 3526 Prollytq
456 3455 484 3504 iu
504 3454 581 3505 obitu
598 3454 723 3520 pudiciss.
744 3455 845 3528 semine
861 3450 1010 3525 Dolrotlree
1029 3453 1062 3502 de
1082 3452 1178 3503 Clunia
1197 3450 1343 3518 [Ettetwolst
1359 3455 1392 3502 de

22 3561 28 3569 ·
97 3543 199 3607 lupide
221 3537 334 3607 umorue}
358 3540 426 3591 Cum
445 3538 571 3606 ali-{quot
589 3539 747 3605 Epitaphiis
765 3540 796 3589 P.
809 3537 987 3604 vigi-llantij.
1007 3540 1100 3612 Poetq.
1133 3535 1137 3606 Ι
1163 3549 1298 3591 LECTORI
1325 3537 1329 3600 Ι
1362 3536 1391 3586 si

96 3643 139 3678 me
157 3625 259 3693 legerit
276 3625 427 3691 improbus:
445 3625 449 3688 Ι
464 3626 530 3675 Fiet
546 3623 676 3690 pessimus
694 3625 826 3674 omnium:
844 3623 848 3686 Ι
863 3623 893 3672 Si
911 3639 976 3674 vero
995 3625 1058 3690 pius
1076 3628 1104 3673 et
1121 3624 1221 3673 bonus:
1238 3619 1243 3690 Ι
1262 3622 1393 3674 Discedet

96 3711 202 3762 melior.
219 3709 299 3761 Vale.
316 3711 320 3773 Ι
341 3721 428 3764 norro
443 3721 558 3762 nonnus
574 3720 681 3762 Lvva.
702 3710 706 3773 Ι
722 3710 782 3774 Hpe
795 3725 843 3775 pro
857 3725 948 3759 ornere
962 3709 1087 3760 defuncti
1098 3709 1218 3759 Ioannes
1231 3703 1390 3773 Hauauiusl

97 3811 153 3846 non
173 3794 298 3845 Gothicis
318 3795 362 3846 sed
381 3794 512 3844 Romanis
528 3791 532 3857 Ι
547 3793 649 3844 litteris
668 3794 814 3857 excussit!

62 3891 91 3933 so
168 3879 212 3930 Ex
228 3879 312 3929 tridua
329 3880 400 3929 ledor
418 3879 496 3928 libelli
509 3878 695 3943 posterioribus
710 3879 782 3941 soliis
799 3880 855 3930 itoee
872 3882 1075 3932 transcribimus:

97 3965 215 4031 Drtttitts
231 3962 412 4030 §substilius
430 3960 652 4028 Cniutiidensis
674 3964 833 4013 Hermanno
851 3964 982 4017 Trebelio
999 3966 1114 4016 Rhetori
1129 3963 1133 4031 Ι
1148 3965 1171 4016 n
1188 3964 1275 4028 Poeta
1293 3962 1392 4012 eximio

98 4051 195 4100 Amico
214 4049 323 4100 chariss.
340 4049 345 4112 Ι
360 4048 388 4099 S.
402 4050 433 4100 P.
448 4050 482 4099 D.
497 4047 552 4112 [sot.
567 4045 618 4112 Α]
637 4048 745 4098 Vellem
764 4051 800 4098 mi
819 4049 933 4099 Trebeli
956 4051 1120 4100 iucundiore
1144 4051 1199 4100 else
1218 4063 1238 4116 q
1262 4049 1322 4098 ltrnt
1340 4063 1392 4112 qne

101 4135 231 4187 scribam:
250 4140 281 4185 rt
303 4134 367 4184 inde
390 4134 470 4184 nobis
489 4133 657 4199 auspicatius
682 4117 803 4193 sumeres
822 4132 981 4200 [numeretur]
1002 4135 1115 4185 exordiis
1129 4152 1135 4183 ε
1150 4137 1184 4183 uo
1208 4132 1270 4182 dico
1295 4133 1390 4183 amici-

98 4223 155 4272 tie.
171 4221 289 4286 semper.
303 4234 329 4268 n.
349 4224 411 4268 tuus
430 4218 471 4269 ini
492 4219 536 4269 sed
555 4224 647 4285 mutue
666 4219 838 4284 scriptionis:
859 4235 891 4268 ac
911 4219 1086 4284 epistolarum
1107 4218 1309 4268 missitationis:
1329 4232 1391 4266 num

62 4307 135 4361 tuest
159 4304 300 4356 multoties
323 4304 358 4355 ad
376 4310 404 4355 te
423 4304 489 4354 dare
507 4302 606 4354 literas
625 4304 816 4356 instituissem.
836 4303 984 4369 aliquando
1003 4304 1127 4354 occasio:
1152 4300 1300 4366 aliquando
1323 4306 1391 4350 tem-

97 4407 148 4458 pus
166 4391 334 4441 defuerunt.
352 4405 425 4439 nunc
450 4395 544 4439 antem
573 4405 633 4438 eum
657 4389 729 4439 edlit
753 4389 880 4438 occatio:
898 4387 957 4458 cirris
983 4405 1017 4437 en
1039 4388 1286 4438 tristissimezcurn
1311 4384 1345 4434 sit
1367 4385 1392 4436 ir

97 4474 263 4527 tabellarius
281 4476 335 4524 suit
352 4474 461 4524 omnino
481 4473 635 4524 scribendis.
655 4475 824 4540 vigilantius
843 4473 951 4523 noster:
971 4474 1041 4523 nosti
1060 4488 1112 4537 qno
1129 4473 1140 4521 ῑ
1158 4471 1247 4521 literis
1265 4471 1392 4535 prosectu

99 4561 142 4610 vir
159 4560 276 4611 italicas
293 4560 416 4625 porticus
435 4557 604 4622 adpetebat:
624 4559 819 4610 Translaturus
844 4558 878 4608 ed
902 4574 951 4607 nos
970 4558 1134 4624 grecenicns
1152 4555 1279 4620 lecythus
1297 4553 1319 4604 sc
1337 4557 1391 4605 De-

100 4645 250 4695 mosthenis
269 4644 399 4695 arculas:
418 4643 505 4694 veluti
531 4643 570 4692 oli
587 4645 624 4693 Μ.
637 4642 710 4693 Tull.
725 4643 759 4693 ad
780 4643 840 4692 suos
858 4642 1027 4692 traduxerat.
1064 4640 1141 4700 eroul
1164 4639 1259 4690 contin
1279 4640 1392 4691 simodo

64 4729 209 4783 colummis
232 4729 362 4795 pricipib.
381 4729 522 4790 loaclrimo
541 4725 563 4777 ir
581 4727 739 4777 Lubusrano
761 4727 901 4794 pontifici:
924 4727 1008 4777 sed&
1033 4727 1131 4776 summo
1153 4725 1314 4792 philosopho
1332 4726 1391 4776 Mu·

161 4814 292 4865 lirrmr
311 4814 380 4866 Orr.
399 4830 463 4866 vor..
483 4813 535 4862 lll.
1130 4816 1170 4878 35
