3294 5408
279 363 352 435 242
440 400 443 411 “
474 390 598 428 mum
610 390 647 425 AD
659 387 794 425 CAEGABEH
807 388 1019 425 ΙΔΧΙΙΙΜΛῊΙ
1033 388 1255 424 ΕΡΙῦΒΔΙΙΙΔΠΙ
1268 388 1364 423 urunu.

480 546 550 608 llaec
571 546 686 607 cervice
707 553 823 606 tumens
846 553 875 605 et
896 543 1124 605 versicoloribus
1146 543 1214 612 alis,

565 645 637 718 Qum
658 647 747 708 crista
769 647 928 726 imperium
951 647 1077 726 despicit
1098 664 1186 707 onum
1207 645 1313 711 ruina.

481 750 553 820 Quae
575 749 726 809 mediocre
747 748 836 817 nihil,
860 747 932 808 nibil
954 762 983 809 et
1004 746 1186 809 moderabile
1209 766 1309 807 settim

458 873 470 913 e
570 850 664 913 Volen
685 858 714 911 et
735 853 896 911 immensas
918 852 1046 928 concipit
1068 850 1129 911 ales
1151 868 1240 928 opes

480 951 600 1015 Aemula
624 953 734 1029 reginae
755 951 924 1021 volucrum,
948 954 1035 1013 trimis
1056 951 1113 1012 alta
1136 941 1283 1019 volutans,

566 1052 637 1124 Guae
658 1053 764 1115 coelum
787 1055 894 1132 pennis
916 1055 1019 1114 nititur
1042 1055 1086 1114 irs
1108 1072 1215 1133 supra,

481 1156 512 1217 si
534 1158 692 1235 quicquam
715 1155 791 1217 leret
812 1155 858 1217 bis
879 1154 948 1215 olim
971 1156 1158 1217 successibus
1179 1157 1291 1234 impar,

456 1284 469 1317 o
539 1322 542 1327 ,
568 1258 649 1329 Quos
670 1260 748 1319 risus
768 1256 855 1317 nobis
877 1256 958 1337 lapsa
980 1258 1110 1320 merebit
1131 1259 1210 1317 arisi
1305 1260 1310 1275 ¹

418 1442 466 1502 93.
715 1445 765 1495 DE
784 1445 906 1495 GALLO
925 1445 972 1495 ET
991 1445 1137 1506 Aqvlun.

481 1564 583 1643 Nuper
605 1564 743 1643 sydereas
765 1544 865 1625 Gallus
887 1565 1110 1625 lrarrseenderat
1131 1564 1233 1643 Alpes,

565 1665 685 1726 'lerruit
705 1663 821 1728 ltalicos
843 1665 940 1728 bellna
963 1674 1044 1727 torva
1067 1666 1172 1735 duces,

481 1768 519 1830 At
538 1765 703 1829 Mediolano
725 1776 879 1847 postquam
902 1770 1035 1830 crirrsedit
1057 1771 1085 1828 iu
1108 1770 1225 1847 Augure,

457 1890 469 1929 a
568 1868 709 1929 Conllarit
730 1888 853 1947 ningues
876 1872 964 1931 crista
985 1870 1113 1949 superba
1136 1877 1240 1931 metus.

482 1971 567 2033 Nunc
590 1973 675 2032 etiarn
699 1972 801 2033 Veneti
823 1973 962 2052 depastus
984 1971 1118 2033 membra
1141 1974 1248 2033 Leonis

567 2072 729 2152 Omniaque
751 2074 908 2136 buriacum
932 2082 1035 2136 nactus
1058 2076 1190 2154 adusrpre
1212 2075 1337 2143 lreturn,

482 2176 629 2239 Successu
652 2177 775 2238 nimium
797 2176 922 2237 lortunre
945 2176 1039 2237 elatus
1060 2178 1179 2256 epirum,

455 2298 469 2339 s
568 2279 790 2359 impressusque
811 2280 872 2341 suis
894 2278 1004 2339 viribus
1025 2280 1121 2358 impar
1142 2297 1235 2350 onus,
1272 2280 1278 2291 ’

482 2381 578 2442 Ausus
600 2379 651 2441 ubi
673 2388 718 2441 est
739 2379 850 2460 Aquilae
872 2399 927 2442 nec
949 2382 1052 2460 opinus
1074 2390 1194 2443 nectere
1215 2382 1334 2443 fraudes

568 2482 605 2543 Et
625 2489 744 2562 pactum
766 2484 853 2545 sociae
875 2500 1017 2562 rumpere
1038 2483 1132 2544 loedus
1154 2486 1215 2554 ari,

482 2584 598 2646 Rursus
619 2585 654 2645 ad
677 2583 818 2647 Insubres
839 2583 937 2646 lacero
960 2585 1036 2647 redit
1058 2587 1174 2664 agruiue
1196 2592 1319 2652 montes,

339 2770 342 2775 Ι
446 2707 470 2749 11
569 2684 581 2745 l
603 2704 698 2755 ulmo,
722 2694 810 2767 atque
831 2686 908 2749 ultra
930 2705 1019 2765 quam
1041 2687 1126 2749 decet
1148 2706 1212 2750 esse
1234 2690 1320 2768 pare!

451 2852 500 2929 ¹94.
538 2873 588 2925 nn
605 2872 884 2925 unxrumranvu
901 2874 1085 2925 srorrrmnr
1102 2874 1345 2927 nnerrrvrvn.

484 2992 593 3055 Slortia
615 2994 787 3073 progenies,
810 2995 875 3054 istis
898 2995 1068 3072 dignissimo
1090 2992 1195 3066 rebus,

567 3096 638 3169 Quae
660 3094 712 3157 tibi
733 3114 766 3157 se
787 3094 869 3175 lapso
891 3097 1047 3159 restituere
1069 3106 1167 3177 petre,

281 3303 341 3369 ipss
360 3300 458 3353 Gallus
475 3298 512 3352 ab
530 3297 630 3364 Aquila
651 3296 806 3365 discerptus
828 3301 948 3351 moriens
970 3300 1085 3367 pendet;
1110 3300 1308 3351 Germanorum
1325 3299 1577 3367 Helvetiorumquo

280 3386 473 3450 (Bemeneium
489 3383 703 3448 Uriensiumque
721 3384 824 3436 vexilla
847 3401 865 3435 u
887 3386 1117 3451 prosequentibus
1134 3386 1287 3437 victoribus
1305 3386 1362 3437 alte
1380 3385 1493 3438 sublata
1509 3402 1576 3453 pro·

281 3472 416 3535 feruntur)
433 3470 555 3522 victoria
573 3474 616 3521 ost
632 3468 812 3521 Novaniensis
830 3476 896 3535 puto
914 3469 1091 3521 d.tl.1un.n.
1108 3469 1181 3521 1513.

347 3554 390 3607 93.
420 3556 572 3621 Postquam
589 3552 616 3605 d.
628 3552 671 3605 23.
684 3554 765 3605 Mart.
779 3570 804 3605 a.
821 3554 893 3606 1513.
917 3555 1010 3606 Blesis
1027 3557 1100 3606 iuter
1119 3555 1214 3607 Gallos
1232 3556 1407 3623 Venetosque
1425 3556 1459 3607 de
1478 3560 1577 3609 mutuo

282 3640 386 3692 auxilio
409 3639 524 3692 ferendo
542 3645 726 3703 convenerat,
750 3646 847 3691 contra
866 3639 977 3691 Gallum
993 3641 1030 3705 (d.
1042 3640 1085 3691 25.
1097 3640 1177 3707 Ape.)
1196 3655 1258 3691 sese
1277 3644 1473 3693 consociarunt
1489 3640 1576 3693 Arra·

280 3740 427 3792 gonensos,
445 3724 550 3789 Gaesar,
567 3724 684 3791 lingitis,
701 3725 759 3775 Leo
776 3725 809 3775 X.
821 3724 853 3778 P.
865 3725 901 3775 M.
915 3742 1002 3792 nuper
1019 3724 1120 3776 luctus.
1156 3724 1322 3777 Tremellius
1339 3741 1374 3775 cx
1390 3726 1577 3779 Pedomouta·

281 3812 326 3863 nie
347 3812 377 3862 in
398 3809 623 3862 Mediolanenses
645 3810 776 3860 civitatee
798 3810 987 3876 progreditur,
1015 3810 1104 3861 Ianua
1127 3810 1156 3859 in
1180 3810 1322 3862 Gallorum
1345 3816 1440 3879 partes
1462 3814 1575 3875 transit,

282 3894 356 3963 opud
371 3896 523 3948 Novariam
542 3895 578 3960 (d.
590 3893 615 3945 e.
627 3893 701 3959 Iun.)
720 3893 796 3947 Galli
814 3910 848 3945 ac
861 3894 962 3946 Veneti
978 3896 1136 3959 vincuntur,
1156 3894 1285 3947 Cardono
1296 3896 1476 3962 Neapolitani
1495 3913 1575 3948 exer-

282 3982 355 4032 citus
372 3980 426 4033 dux
444 3981 561 4032 Venetis
578 3978 838 4046 praeterPatavium
850 3979 1062 4045 Tarvisiumquo
1080 3996 1166 4047 usque
1185 3981 1220 4031 ad
1237 3981 1352 4032 Hadriae
1370 3996 1446 4032 oram
1464 3996 1576 4047 posses-

281 4068 374 4119 siones
391 4070 537 4117 terrestres
560 4063 703 4130 depraedat
726 4064 889 4130 adimitque,
913 4066 1116 4132 Alviauumquo
1133 4066 1240 4117 Veneto
1263 4066 1399 4118 exercitui
1421 4081 1509 4131 nuper
1532 4083 1576 4117 re·

281 4153 407 4203 etitrrturn
431 4151 502 4217 apud
530 4149 668 4201 vicetiam
690 4148 726 4214 (d.
740 4148 765 4201 7.
779 4147 854 4214 Oct)
872 4150 1004 4202 devincit
1038 4134 1134 4217 iisque
1154 4151 1266 4203 Gallina
1288 4151 1420 4217 praeeidin
1437 4150 1575 4202 Mediola-

281 4237 379 4288 nensia
398 4235 650 4301 Cremonensiaque
668 4236 808 4301 optinent,
828 4242 987 4287 conmeatus
1004 4238 1121 4305 penuria
1138 4237 1216 4288 abire
1234 4242 1334 4288 coacta
1353 4241 1470 4288 exeunte
1490 4251 1574 4287 anno.

281 4321 397 4371 Interim
420 4321 448 4370 in
471 4321 587 4371 blorinis
609 4320 824 4385 burgundiaque
850 4320 991 4372 Gallorum
1014 4337 1058 4371 res
1081 4322 1111 4370 in
1134 4322 1250 4388 ancipiti
1272 4328 1349 4372 stulu
1372 4323 1496 4386 luerunt,
1525 4323 1575 4373 ubi

283 4413 380 4456 eontra
398 4407 486 4471 ipsum
505 4406 644 4456 Censorem
663 4420 756 4456 eorum
775 4404 908 4456 exercitui
928 4406 1065 4473 agendum
1084 4412 1153 4457 erat.
1208 4405 1216 4439 ¹
1235 4407 1360 4457 sidereas
1378 4411 1403 4457 1.
1460 4406 1573 4474 'nrrgq

282 4490 454 4541 Sfortiorum.
474 4490 511 4541 cl.
525 4504 583 4554 seq.
598 4491 685 4555 epigr.
700 4494 728 4539 et
751 4491 786 4540 ad
809 4491 837 4540 id
856 4492 915 4541 citt.
929 4491 958 4541 11.
1028 4490 1039 4522 1
1056 4491 1184 4541 lileriensi
1208 4508 1268 4541 eum
1287 4493 1403 4544 Venetis
1422 4493 1525 4543 stellius
1546 4494 1572 4543 d.

281 4574 308 4623 ri.
320 4573 363 4625 23.
375 4575 457 4625 biart,
472 4590 498 4627 n.
515 4573 587 4625 1513.
652 4574 674 4607 ¹⁰
692 4572 794 4643 loedue]
813 4576 1026 4627 camaracense.
1092 4573 1111 4608 ¹¹
1130 4575 1271 4643 insubres]
1291 4579 1319 4627 in
1343 4594 1422 4629 arces
1441 4578 1574 4628 blediolu-

282 4675 395 4710 nensem
414 4665 443 4710 et
460 4660 681 4711 Cremonensem.

348 4742 391 4793 bl.
422 4743 489 4793 Cum
503 4744 577 4795 Gelli
595 4752 694 4798 restuto
713 4762 738 4799 a.
755 4745 826 4802 1512.
840 4762 874 4800 ex
887 4747 972 4802 italio
990 4747 1097 4817 expulsi
1116 4756 1217 4815 emerit,
1235 4749 1572 4801 inlinendumque
