3294 5408
275 403 350 475 274
599 431 708 470 stosstt
721 431 853 467 MBDAN!
866 431 903 466 tu
915 429 1073 467 consentu
1086 427 1239 466 immistio.

275 595 428 640 monumento
446 591 464 637 u'
479 592 557 652 poita
574 589 678 636 omnium
695 589 804 636 niaximo
821 592 941 637 statrdnm
958 593 1005 636 est.
1043 587 1108 651 14th
1129 587 1172 635 ille
1195 585 1294 651 quidem
1317 585 1365 634 boe
1382 586 1472 635 sumnd
1485 587 1565 655 pae'te

274 690 375 724 niunere
392 680 504 722 aternus
522 675 570 723 iam
587 679 635 735 εει,
653 664 743 738 suas'q3
761 672 869 722 arbores
886 679 910 720 et
927 675 1030 736 plantas
1047 672 1181 720 uiuacitate
1198 672 1280 728 uincit,
1299 674 1388 736 ρανίᾳ)
1398 670 1564 734 perennitate

274 760 345 809 lentius
362 763 481 808 memoria
498 774 551 808 cum
565 762 644 830 poi'tp
660 761 743 822 pluria
759 758 930 821 protenditur,
949 763 1044 806 trintum
1062 759 1099 805 illi
1112 757 1245 819 felicitatis
1257 757 1340 805 attulit
1359 755 1400 805 .P.
1425 755 1563 818 Verpttlun

276 847 302 893 in
320 849 372 894 eius
390 844 478 894 borlas
495 845 622 893 incidisse.
659 842 725 903 Quid
742 849 823 891 aretem
841 848 865 890 te
884 842 949 891 Iane
969 842 1063 905 Coryci
1083 843 1177 898 dicam,
1201 841 1272 889 buires
1293 842 1362 890 senis
1384 840 1563 904 manandum,

278 931 350 978 menis
368 945 517 994 aqureuum,
541 927 573 976 ab
595 928 723 977 bortorum
746 931 813 977 cultu
836 943 886 976 non
909 927 1105 976 abhorrentem?
1129 924 1204 984 Quem
1226 941 1310 975 omnes
1332 929 1417 976 nostri
1438 924 1582 989 temperiei

274 1014 365 1064 urbani
378 1011 465 1086 poietp
481 1028 529 1063 ano
547 1028 593 1062 are
610 1012 805 1063 concelebrant?
830 1010 895 1072 Quid
911 1013 977 1062 boc?
1000 1028 1033 1060 an
1048 1009 1107 1074 satin
1124 1011 1228 1076 aliquod
1244 1017 1296 1069 est,
1321 1010 1444 1074 Corpeios
1461 1024 1580 1074 semper¹

273 1101 357 1177 positis
373 1103 520 1164 populares.
559 1096 689 1163 Corycium
706 1094 786 1147 crocri
803 1102 861 1163 atq)
879 1098 944 1146 adeo
963 1102 1079 1147 aromata
1097 1097 1188 1155 omnia,
1207 1096 1243 1145 ad
1258 1097 1428 1145 oetmrdtatem
1445 1094 1563 1144 olentes?

276 1185 334 1233 Nisi
349 1191 374 1233 te
393 1189 467 1234 etiam
484 1185 526 1233 illo
543 1185 616 1247 lonpe
633 1186 848 1246 prestantiorem,
868 1188 893 1231 et
911 1198 946 1232 er
965 1175 1096 1231 Parnasso
1114 1187 1204 1238 monte,
1224 1195 1255 1230 ac
1269 1181 1376 1245 Corycio
1393 1195 1481 1244 specu,
1503 1178 1561 1228 Mu·

273 1284 359 1318 sarum
381 1269 448 1317 dono
470 1267 543 1318 nobis
564 1268 649 1316 datum
672 1268 839 1328 crediderim,
864 1283 895 1316 ac
919 1264 954 1330 (si
967 1269 1070 1331 poetice
1087 1267 1167 1331 mapis
1188 1268 1274 1332 eloqui
1294 1263 1364 1329 lieet)
1387 1265 1420 1314 ab
1440 1264 1563 1328 Coryciis

273 1357 381 1418 penitam
398 1353 513 1417 nympbis
530 1357 586 1417 atq}
603 1353 747 1411 educatum,
767 1351 840 1412 Quod
856 1356 939 1402 omnta
956 1353 1027 1401 brius
1044 1356 1095 1401 (eui
1109 1352 1212 1415 inperia
1228 1353 1254 1400 in
1270 1349 1330 1400 urbe
1348 1351 1517 1414 εετιιαιιεηε,
1536 1352 1592 1397 ests

274 1439 310 1488 ael
325 1438 424 1487 olrtutis
442 1427 554 1502 {mediiqj
570 1452 680 1487 amorem
697 1441 759 1487 neira
778 1439 874 1487 ardore
891 1439 1063 1488 succenderis.
1101 1437 1165 1485 Nam
1181 1442 1208 1484 tu
1225 1452 1279 1486 eran
1296 1435 1328 1485 ab
1345 1435 1403 1485 binc
1417 1434 1501 1498 sereni
1519 1434 1563 1483 de·

274 1524 361 1573 sennia
379 1537 428 1586 pro
445 1528 490 1571 tua
504 1523 603 1586 pietate
620 1537 692 1572 aram
709 1539 762 1571 curn
778 1525 872 1572 sacello
890 1524 990 1572 tanede
1008 1523 1069 1571 Diui
1086 1522 1234 1587 Aupustini‚
1255 1520 1353 1571 Cbristo
1373 1521 1437 1581 oea,
1456 1522 1563 1584 matrlqj

275 1615 301 1658 et
318 1610 385 1657 arria
402 1609 468 1664 eius,
489 1606 576 1679 Marip
594 1613 619 1655 et
631 1607 707 1680 Anne
723 1609 869 1669 statuisses,
888 1598 981 1673 treis'q3
998 1613 1097 1656 statuas
1113 1604 1161 1656 sub
1177 1612 1246 1673 cniq3
1263 1606 1402 1656 iLunensi
1418 1606 1478 1654 illas
1496 1619 1562 1653 mar-

274 1709 343 1743 more
360 1697 501 1749 eremtsses‚
520 1692 556 1741 ad
572 1691 619 1764 bec
633 1689 737 1755 picturi
752 1696 824 1757 lanpe
841 1693 960 1755 inclytam
977 1697 1003 1741 et
1019 1693 1106 1765 prisce
1123 1695 1248 1752 anniam,
1273 1690 1431 1752 addidisses,
1448 1691 1562 1752 scalpto-

275 1769 368 1844 ναίεις,
395 1783 421 1826 et
443 1778 566 1842 pictorem
589 1773 607 1842 a*
629 1778 735 1827 eximios
758 1776 926 1834 adhibuisses,
947 1783 1081 1840 practerea
1102 1779 1229 1839 sacrificio
1253 1776 1399 1842 quotidiano
1421 1779 1593 1839 perpetumts

275 1879 343 1925 uasa,
362 1867 463 1923 restem,
477 1853 612 1926 pecuniam
628 1864 748 1926 lepasses,
770 1861 829 1911 lina
844 1865 923 1935 ponite
939 1861 1029 1912 orbani
1045 1877 1142 1924 onmes,
1161 1867 1227 1912 vetut
1245 1867 1323 1915 oesma
1336 1861 1446 1926 perciti,
1464 1850 1562 1924 suminus

275 1955 324 1996 tum
341 1949 473 2012 pietatem,
496 1952 546 1995 tum
562 1947 651 2011 operis
667 1947 746 2011 ipsius
764 1943 916 1997 excellentia}
937 1949 1069 2008 admirati,
1094 1954 1120 1997 te
1142 1949 1259 1997 certatim
1279 1949 1439 2002 esctuterunt,
1463 1947 1562 2009 tua'mq3

275 2033 351 2082 animi
366 2032 571 2097 mapnitudinem,
589 2037 730 2080 statuarum
746 2035 865 2087 nitorem.
884 2034 1008 2094 artificum
1022 2033 1213 2097 praestantiam,
1232 2035 1284 2082 suis
1302 2029 1453 2081 carminibus
1470 2035 1562 2078 tenue-

274 2123 341 2166 runt.
377 2117 510 2166 Praeclare
532 2117 569 2166 illi
590 2117 702 2182 quidem,
725 2122 751 2166 et
774 2122 799 2167 ut
821 2119 846 2165 iu
869 2118 961 2167 dirrinis
982 2116 1070 2175 rebus,
1092 2117 1176 2182 propi
1198 2118 1292 2167 diuine.
1329 2113 1383 2176 Qua
1405 2115 1469 2164 sani
1487 2116 1515 2162 in
1532 2129 1562 2163 re

275 2203 359 2252 nescio
377 2217 411 2250 an
425 2203 512 2265 potius
532 2199 535 2262 Ι
555 2200 693 2252 ubertatem
714 2203 851 2267 inpeniorp,
874 2204 1004 2266 copidmue
1021 2199 1182 2251 sententiani
1186 2239 1193 2263 ,
1217 2219 1251 2251 an
1268 2205 1402 2252 carminum
1417 2215 1520 2265 penem
1537 2205 1595 2248 etit

276 2291 425 2344 varietates,
443 2287 584 2337 laudandas
600 2293 697 2352 putem,
716 2284 747 2336 eu
764 2288 788 2336 in
807 2287 929 2346 omnibus,
950 2284 1035 2353 quand
1052 2289 1206 2344 inuentionc,
1225 2291 1305 2352 stylo,
1323 2292 1417 2343 metro,
1441 2285 1562 2341 diuersis,

276 2387 336 2421 untes
358 2377 441 2420 tamen
464 2388 494 2422 ac
516 2375 601 2437 propi
623 2373 688 2422 idem
710 2373 789 2422 decor
810 2364 974 2438 concentisq3
996 2375 1101 2422 eniteat.
1137 2374 1210 2422 Atina
1233 2375 1323 2436 elepts,
1353 2373 1417 2421 alites
1443 2370 1563 2426 mrolau,

276 2457 340 2506 alius
362 2458 448 2520 lyricis
470 2459 591 2514 numeris,
615 2463 657 2506 aut
679 2457 816 2520 pbaloecijs
839 2458 904 2522 opit,
928 2472 1000 2522 reque
1020 2458 1125 2521 pulcitre
1144 2473 1236 2510 onmes.
1272 2457 1349 2506 Adde
1371 2461 1412 2505 ret
1432 2456 1515 2519 ipsius
1532 2470 1565 2504 ac

275 2543 380 2610 materie
398 2541 550 2604 dipnitatem,
568 2558 622 2591 cum
639 2539 673 2591 ni
688 2548 713 2590 st
727 2544 811 2606 prisci
826 2544 1003 2600 coaceruatim,
1021 2544 1047 2592 in
1065 2543 1202 2592 licentiosis
1214 2542 1383 2606 Lampsaceni
1397 2539 1562 2602 mutuose,

274 2627 323 2676 sed
339 2628 365 2676 in
382 2626 432 2675 Dei
454 2642 484 2675 aa
507 2610 600 2676 dietari
617 2627 731 2676 laridibas
748 2629 881 2686 canendis,
905 2629 1029 2691 inpenium
1052 2630 1225 2678 exercuerint.
1261 2627 1333 2692 Erpa
1351 2633 1376 2675 st
1394 2628 1420 2674 in
1435 2626 1595 2690 ptus-imisit

276 2727 350 2777 auom
366 2711 497 2780 Pandeete
513 2717 583 2769 sunt,
610 2711 812 2774 iurisconsultis,
834 2719 927 2784 preter
949 2714 989 2761 rei
1010 2715 1089 2778 ipsius
1112 2729 1184 2778 quam
1207 2714 1312 2771 docent,
1335 2713 1476 2769 utilitatem,
1502 2724 1565 2759 unus

275 2797 358 2860 propi
375 2800 455 2859 stplus
472 2797 498 2845 in
515 2802 553 2845 tot
570 2797 761 2855 diuersissimis,
784 2803 834 2847 tum
851 2804 942 2856 (etate,
966 2803 1016 2846 tune
1032 2801 1132 2862 patrio,
1155 2799 1265 2863 inpenijs
1287 2801 1381 2855 elucet,
1404 2796 1449 2846 Sic
1471 2800 1499 2845 in
1517 2795 1565 2844 boc

274 2897 322 2931 vno
340 2881 436 2940 libello,
456 2887 550 2954 preter
566 2881 646 2945 ipsam
664 2897 728 2938 rem,
753 2897 801 2954 que
819 2882 856 2945 (ut
872 2899 922 2933 non
940 2886 1019 2932 mattas
1037 2881 1129 2947 (licam)
1147 2885 1235 2933 diuina
1250 2879 1278 2940 ἓ,
1302 2889 1326 2932 ει
1350 2884 1381 2932 de
1399 2882 1455 2931 Dea
1473 2897 1507 2929 ac
1525 2881 1563 2929 di·

275 2967 314 3015 uie
331 2969 466 3022 contexta,
488 2962 540 3015 ellit
559 2967 620 3031 styli
636 2969 775 3031 elepantia,
801 2964 853 3017 etii
873 2969 993 3033 inpeniau
1015 2968 1129 3026 abertas,
1152 2964 1206 3018 elib
1223 2970 1376 3017 inuentionis
1397 2968 1564 3031 carminumq3

275 3051 400 3108 varietas,
424 3050 576 3100 admiranda
593 3050 664 3100 nobis
682 3058 728 3101 est.
764 3051 920 3117 Stupendum
937 3059 976 3102 est
997 3060 1140 3117 praeterea,
1165 3050 1263 3119 quosdti
1283 3058 1310 3103 tn
1326 3053 1365 3102 bis
1380 3053 1447 3116 peni
1464 3059 1595 3115 puerostt

275 3151 339 3192 esse,
358 3135 524 3202 Ronronqu3
539 3134 686 3200 pubecularn
702 3143 753 3186 tane
766 3154 879 3202 praecor
896 3144 921 3187 et
935 3138 1088 3203 frupiferum
1105 3140 1229 3203 inpenimn
1246 3140 1312 3189 diuis
1323 3139 1375 3187 suis
1387 3151 1563 3187 consecrasse.

276 3220 352 3270 Felix
368 3222 446 3286 ipitur
462 3228 489 3270 tu
509 3221 611 3285 Comici,
630 3218 665 3271 mi
681 3229 706 3270 ot
728 3221 878 3272 Tarentinae
896 3224 978 3273 incola
995 3224 1028 3273 de
1045 3227 1096 3274 ειιὶε
1114 3224 1206 3282 bortis,
1224 3227 1272 3274 sed
1289 3225 1321 3274 de
1338 3223 1388 3272 tuis
1404 3224 1512 3279 statuis,
1531 3221 1563 3270 de

275 3311 320 3355 tua
334 3307 447 3370 pietate,
471 3307 503 3356 de
521 3307 606 3356 diuino
624 3309 705 3370 culter,
723 3308 755 3356 de
772 3314 897 3372 perpetuo
915 3310 1054 3372 sacrificio,
1073 3311 1105 3359 de
1123 3315 1161 3359 tot
1176 3311 1276 3373 poetis,
1295 3309 1328 3357 de
1345 3314 1383 3359 tot
1401 3305 1562 3362 acuminibus,

277 3391 309 3440 de
326 3397 370 3439 tua
389 3394 501 3455 perenni
519 3392 616 3456 pieria,
639 3395 787 3458 mansnrdq3
802 3392 805 3455 Ι
821 3397 973 3442 aeternitate.
1011 3395 1075 3443 Nam
1097 3392 1183 3461 quani
1205 3401 1247 3469 tue
1269 3395 1357 3444 laudes
1380 3395 1453 3456 lonpe
1474 3393 1564 3455 plures

277 3491 308 3525 ac
324 3477 409 3539 potius
427 3482 555 3547 innumerp
570 3479 629 3534 sint,
647 3483 730 3526 tamen
747 3481 785 3527 sle
801 3479 871 3527 oelirn
891 3478 983 3542 Coryci
999 3481 1135 3537 existimes,
1153 3486 1222 3529 tuam
1235 3480 1384 3543 felicitatem
1401 3479 1450 3528 boe
1466 3492 1515 3526 ono
1534 3478 1561 3525 li·
1571 3488 1594 3526 ns

277 3560 341 3610 bello
358 3562 491 3610 contineri.
527 3562 628 3611 Etenim
644 3562 675 3632 be
692 3562 739 3611 tibi
754 3569 844 3633 statue,
861 3562 979 3629 pratera'
996 3566 1064 3628 quod
1074 3564 1226 3615 carminibus
1239 3570 1265 3612 et
1277 3563 1439 3613 monumentis
1450 3567 1489 3612 tat
1501 3564 1562 3626 poe*-

276 3652 371 3702 tarum,
388 3647 574 3710 perennitatem
591 3646 638 3696 tibi
654 3651 827 3709 contulerunt,
847 3650 922 3698 etiam
938 3655 1048 3698 statuam
1066 3652 1091 3698 in
1108 3653 1172 3700 cacto
1190 3656 1348 3708 statuerunt,
1372 3654 1416 3697 aut
1434 3652 1507 3697 certe
1525 3651 1562 3695 ta·

275 3746 329 3780 cum
341 3733 468 3781 assedam
481 3737 646 3796 pepererunt,
665 3734 690 3781 in
709 3732 796 3797 quibus
813 3738 839 3781 tu
856 3734 972 3783 resideas
988 3738 1164 3799 sempiternae.
1201 3733 1312 3795 Quodsi
1329 3734 1369 3785 .P.
1392 3734 1521 3796 Verpilius
1538 3735 1563 3780 ln

276 3821 331 3872 tua,
350 3821 393 3863 aut
409 3822 437 3864 tu
455 3818 480 3865 in
497 3819 562 3867 illius
579 3823 695 3882 tempora
712 3819 857 3877 incidisses,
876 3818 1002 3869 inbuisset
1020 3821 1061 3868 ille
1080 3821 1178 3885 quidem
1195 3820 1305 3885 quidde
1323 3826 1362 3875 te,
1385 3824 1485 3885 prater
1502 3817 1562 3866 bor

275 3906 346 3950 tense
363 3901 471 3952 studium
487 3902 644 3960 concineret,
664 3903 836 3967 praedicasset
854 3905 879 3953 in
896 3904 992 3954 bomine
1010 3908 1112 3954 natione
1131 3911 1253 3962 externo,
1276 3904 1412 3955 Romanum
1426 3904 1560 3974 inpenium,
1570 3912 1593 3952 to

275 3986 394 4036 urbanam
412 3988 604 4041 dexteritatem.
627 3989 756 4037 litteraria
773 3989 873 4046 studia,
895 3992 1065 4039 litteratarum
1087 3991 1225 4046 comercia,
1245 3990 1365 4052 festinam
1387 3987 1561 4044 urbanitatem,

275 4074 491 4137 eaeternporariam
508 4073 609 4122 dicendi
623 4073 784 4136 facultatem,
807 4076 966 4140 antiquitatis
988 4080 1013 4124 et
1031 4091 1180 4125 marmorum
1197 4081 1349 4125 vetustorum
1366 4088 1489 4133 amorem,
1514 4079 1562 4122 tum

232 4196 234 4201 .
275 4174 334 4208 uero
352 4159 460 4222 ripidom
477 4159 616 4207 iniustitia
633 4165 659 4207 et
675 4159 829 4223 supplicibus
846 4159 948 4219 libellis,
972 4159 1060 4226 quibus
1084 4162 1134 4210 iam
1156 4160 1201 4210 sub
1223 4176 1273 4211 sex
1290 4158 1455 4222 Pontificlbus
1471 4159 1561 4225 prasi-

276 4244 332 4302 des,
351 4245 526 4300 seueritatem,
550 4249 606 4308 atq)
624 4245 699 4293 etiam
716 4245 789 4293 istam
806 4250 873 4294 tuam
890 4246 1025 4310 caniciem,
1047 4237 1171 4312 corpus'qj
1190 4253 1260 4296 teres
1278 4251 1302 4294 et
1320 4245 1439 4303 mitidum,
1462 4234 1562 4308 istan'uq3

275 4331 382 4378 tunicam
399 4335 496 4378 tenuem
513 4334 568 4394 atq3
587 4330 745 4394 expeditam,
768 4331 794 4378 in
809 4330 883 4395 frupi
904 4331 1011 4389 bonine,
1037 4338 1062 4381 et
1085 4330 1117 4381 ob
1139 4333 1205 4382 omni
1222 4330 1355 4380 ambitlane
1378 4336 1486 4387 semota,
1509 4333 1594 4379 eunti

275 4414 357 4463 nitens
375 4414 468 4480 alloqui
485 4415 628 4463 vestiarium
646 4414 693 4463 tibi
707 4420 753 4472 stt,
774 4416 954 4479 praedicasset.
990 4417 1032 4465 An
1051 4432 1110 4466 uero
1129 4419 1171 4467 ille
1188 4420 1255 4466 illum
1273 4423 1339 4466 tuum
1355 4416 1482 4465 solennem
1499 4415 1566 4477 diem

274 4503 361 4548 tacere
381 4503 519 4565 pontauel,
542 4516 590 4565 quo
612 4506 638 4548 tu
657 4499 733 4572 Annf
754 4498 864 4565 Cbristil
880 4502 947 4574 Aule
963 4516 1074 4562 sacrum,
1100 4508 1172 4551 tanto
1189 4506 1256 4551 cuttu
1278 4506 1304 4550 et
1320 4501 1430 4563 bonore,
1455 4500 1490 4549 ad
1506 4506 1564 4549 tuas

245 4606 250 4633 ι
271 4587 378 4648 primum
394 4591 493 4634 statuas
508 4591 577 4635 stato
594 4586 729 4648 srurificio,
747 4586 806 4634 inde
824 4587 860 4635 od
875 4587 970 4647 luortos,
987 4588 1077 4651 pinpui
1093 4592 1118 4635 et
1136 4590 1205 4636 lanato
1223 4592 1307 4650 epulo,
1325 4592 1381 4651 atq3
1400 4585 1466 4635 adeo
1484 4586 1563 4634 omni·

274 4668 319 4719 bus
336 4669 418 4724 bonis,
437 4669 548 4720 omnibus
565 4671 659 4729 ductis,
679 4671 786 4728 indicto,
810 4671 990 4728 concelebras?
1013 4671 1077 4720 Nam
1096 4672 1125 4721 eb
1144 4670 1263 4722 bonorum
1281 4677 1337 4737 ath
1355 4672 1513 4721 eruditorum
1531 4671 1564 4719 ui-

273 4770 358 4804 rorum
375 4769 407 4804 ea
424 4755 515 4805 cobars
531 4759 594 4815 cati,
613 4772 644 4805 ac
661 4756 725 4805 ιίἰειιι
742 4754 867 4815 celebrat,
886 4763 910 4807 ot
927 4761 953 4806 in
970 4757 1019 4807 tuis
1036 4757 1118 4808 bortis
1134 4758 1230 4808 nudius
1248 4757 1376 4816 Athenas,
1395 4746 1595 4822 emporiumqjll
