3294 5408
452 411 555 449 euentu
568 412 620 448 vn.
639 410 814 447 terrerum
827 410 855 448 Ιί.
871 410 965 446 tacent
980 409 1078 446 l’AVBR.
1172 452 1175 461 Ι

618 671 772 744 [Electa
809 669 877 729 VII.
884 674 902 744 J

484 788 712 839 EPITAPHIVM
729 788 766 837 u.
784 786 909 838 ΙΔΟΟΒΙ
927 786 1048 838 PAVER

630 928 633 933 ,
669 893 779 934 ornem
793 893 869 934 vnn.

321 1009 417 1078 Flete,
441 1028 514 1071 mere
536 1004 658 1078 mesta,
682 1016 712 1071 ct
732 1005 889 1070 lachrimas
912 1007 1096 1081 confundite,
1119 1009 1224 1080 Musae,

407 1112 442 1173 Et
463 1111 559 1190 rigido
582 1120 698 1173 teneras
720 1128 819 1188 ungue
843 1110 927 1171 lerite
948 1128 1053 1188 genas:

323 1213 373 1276 llle
396 1214 453 1276 mei
476 1215 605 1292 species,
629 1215 686 1274 mei
708 1211 860 1274 auxiliator
882 1211 1019 1282 honoris,

284 1337 297 1377 a
404 1315 560 1378 Pulchram
584 1316 717 1387 animam
733 1334 824 1376 caecas
847 1314 977 1375 condidit
997 1315 1027 1375 in
1050 1314 1196 1378 tenebras.

323 1417 514 1480 Rostoclrium
536 1418 656 1488 studiis,
680 1419 773 1496 patria
796 1416 923 1477 Lnbecia
946 1415 1029 1487 fovit,

407 1519 519 1598 Oppida
542 1512 690 1581 Germano
712 1517 863 1579 nobilitata
886 1518 957 1580 solo.

323 1622 388 1702 lpse
410 1638 496 1699 vagas
517 1639 632 1683 merces
653 1621 755 1701 primis
778 1622 908 1682 exercuit
930 1621 1013 1681 annis

283 1743 297 1785 o
406 1725 442 1786 Et
463 1724 564 1784 didicit
586 1723 699 1784 vairam
722 1721 917 1802 multiplicare
940 1723 1060 1802 stipem,

323 1827 393 1888 Post
413 1826 464 1887 ubi
487 1831 672 1906 compertum
694 1832 739 1886 est
759 1826 884 1903 perituri
906 1824 1010 1903 gaudia
1032 1826 1134 1887 mundi
1191 1810 1196 1823 ⁸

368 1954 371 1959 ¹
407 1929 440 1989 lu
463 1946 494 1989 se
516 1929 637 1989 victurae
658 1925 732 1988 lucis
755 1914 867 1987 liabere
889 1926 975 1995 nihil,

323 2031 437 2109 Sprevit
459 2048 530 2109 opes
551 2048 652 2091 rerum
675 2030 827 2108 positaque
850 2028 985 2106 cupidine
1007 2027 1082 2090 lucri

275 2153 298 2194 ta
405 2131 505 2194 llaluit
527 2138 660 2192 aeternas'
674 2149 807 2209 quaerere
830 2130 963 2198 divicias;

323 2235 402 2315 Ergo
424 2234 466 2295 illi
488 2240 589 2314 spreto
611 2233 721 2294 tattacis
743 2234 855 2294 loenore
879 2233 990 2292 nummi

406 2338 562 2416 Assumpta
585 2343 629 2397 est
650 2336 708 2396 divi
730 2353 800 2396 cura
823 2333 994 2403 sacerdotii;

323 2439 366 2500 Ne
389 2445 485 2500 tamen
509 2439 597 2499 oratis
618 2444 731 2499 tautum
754 2455 837 2497 sacra
859 2442 983 2515 poneret
1004 2437 1062 2496 aris

274 2561 299 2602 rc
406 2540 442 2601 Et
465 2540 548 2601 darei
569 2540 699 2601 assiduas
721 2540 750 2599 in
772 2556 824 2598 sua
847 2537 934 2598 thura
956 2555 1074 2617 preces,

324 2643 481 2704 Decretum
504 2648 547 2703 est
568 2647 701 2703 teneram
723 2639 826 2702 studiis
848 2657 956 2701 ornare
977 2640 1124 2703 iuventam
1169 2698 1172 2711 ,

408 2745 445 2806 Et
467 2736 539 2806 velle
561 2743 596 2802 iis
620 2744 733 2804 animos
756 2742 898 2804 erudiisse
920 2742 1024 2812 rudes,

324 2850 416 2927 litque
439 2853 472 2908 ut
494 2847 520 2907 ei
542 2852 626 2925 pacta
649 2852 693 2906 est
714 2845 861 2906 Lunensis
883 2863 955 2906 cura
977 2845 1139 2917 cathedra,
1206 2847 1409 2931 {mmm}

274 2971 301 3009 ao
407 2948 532 3008 Edocuit
554 2965 663 3027 pueros
686 2946 861 3026 edocuitque
884 2949 978 3017 viros,

325 3049 481 3130 Nunquam
500 3049 566 3111 luce
588 3068 708 3120 vacans,
731 3068 881 3129 nunquam
905 3052 967 3111 sine
989 3058 1083 3112 marte
1105 3053 1235 3132 quietus,

409 3153 532 3233 Semper
554 3170 645 3231 agens
667 3154 753 3213 variis
776 3150 1028 3214 sollicitudinibus.

324 3252 496 3331 Exemplum
520 3253 617 3325 rolris,
640 3255 773 3326 iuvenes,
797 3262 881 3316 aetate
903 3255 1100 3335 sequendum,

274 3375 299 3416 ar
407 3354 469 3426 Qua
492 3354 587 3433 legitis
607 3358 673 3418 rite
695 3357 848 3440 commoda
872 3358 994 3436 quisque
1016 3374 1085 3418 suae.

324 3456 375 3520 lllc
398 3457 498 3519 videns
520 3457 621 3530 luxus,
645 3460 718 3530 iras,
742 3458 924 3528 discrimina,
949 3459 1059 3530 caedes,

380 3588 382 3593 ·
408 3559 577 3630 llolliciem,
602 3580 701 3632 casus,
723 3562 838 3638 iurgia,
862 3562 953 3629 iuria,
978 3560 1076 3632 dolos,

325 3663 461 3743 Quasque
484 3682 569 3725 senes
592 3682 692 3733 curas,
717 3681 847 3743 quasque
869 3662 1023 3742 illaqueata
1045 3664 1181 3726 iuventus

272 3786 299 3828 aa
407 3763 568 3835 Volumus,
592 3774 621 3826 et
644 3766 737 3827 varias
758 3767 847 3828 sortis
868 3767 898 3827 in
921 3765 994 3828 orbe
1016 3767 1108 3836 nicee,

323 3867 519 3947 Difficilesque
535 3874 618 3929 ortus
633 3867 785 3928 homiuum
802 3875 831 3929 et
845 3867 934 3930 breue
948 3877 1066 3948 tempus
1080 3869 1202 3931 honoris
1240 3865 1244 3950 Ι
1261 3867 1410 3949 lffiffl·

410 3970 562 4049 Vanaque,
587 3969 719 4041 disicias,
743 3976 912 4041 stemmata,
936 3989 1036 4050 regna,
1061 3973 1165 4042 duces,

149 4139 324 4150 ...α-.-

188 4259 270 4309 Hunc
294 4260 455 4324 magistrum
472 4259 604 4317 Iacobum
622 4259 758 4309 Puuerum
781 4258 904 4322 (Bauer)
928 4275 982 4310 non
1006 4261 1059 4310 nisi
1084 4276 1117 4311 ex
1140 4261 1193 4311 hac
1217 4259 1309 4326 elegis
1332 4262 1409 4312 novi-

149 4358 180 4393 us
199 4344 284 4394 etium
297 4360 355 4395 noe.
390 4345 568 4395 Lubecensee
580 4344 848 4409 Rostochiensesque
861 4346 890 4394 in
908 4346 960 4396 viri
979 4346 1066 4396 vitum
1084 4346 1233 4411 inquirant.
1282 4343 1410 4398 ¹ttttuttt
1489 4410 1492 4417 .

149 4427 239 4493 uoltu:
252 4437 274 4480 tt
288 4431 312 4479 1.
324 4432 373 4480 ced
383 4431 459 4480 Hutt.
470 4436 495 4479 et
507 4435 565 4480 vett.
576 4446 607 4480 m.
617 4431 696 4480 deleo.
708 4431 782 4495 prius
795 4433 831 4479 et.
883 4436 1006 4480 moestae
1020 4435 1045 4480 2.
1054 4434 1079 4480 3.
1099 4430 1237 4494 lacrymae
1249 4433 1273 4479 2.
1282 4432 1308 4479 3.
1345 4431 1411 4492 mule

198 4510 343 4566 ⁴coctast.
395 4515 532 4565 ⁸vatrum
550 4530 642 4565 omnes.
663 4514 699 4565 ef.
712 4516 770 4566 Vir.
784 4514 846 4567 bon.
859 4530 885 4566 v.
901 4513 957 4568 130.
1009 4515 1143 4586 ”woftuli
1155 4519 1178 4564 1.
1231 4511 1253 4546 ¹²
1270 4528 1368 4579 quarm
1385 4519 1408 4567 1.

150 4597 235 4647 vities
254 4602 313 4649 23.
384 4597 761 4664 ¹³lallatls1.sedHutt.et
781 4604 1094 4651 cetmemmeicorr.
1154 4584 1184 4632 '¹⁴
1202 4599 1331 4651 Aesumtu
1349 4603 1374 4650 2.
1383 4604 1409 4650 3.

160 4697 211 4735 sua
224 4686 300 4735 t...³.
318 4698 383 4736 enas
399 4692 449 4736 oet.
461 4702 493 4735 m.
506 4701 550 4738 em.
563 4688 617 4735 mei.
672 4685 692 4716 ¹⁹
710 4687 847 4737 Lunensis
865 4683 947 4752 catu]
967 4686 1154 4736 liestoelueusie
1172 4686 1286 4751 recentia
1298 4700 1321 4735 a.
1333 4684 1411 4736 burna

149 4782 182 4821 tm
199 4768 293 4834 belbrit
310 4768 405 4823 went.
456 4767 480 4802 ²⁴
498 4770 786 4836 ct.eteg.111.v.m.
839 4768 861 4802 ²⁶
879 4770 1024 4822 Mollitienr
1042 4773 1104 4821 2³.
1155 4768 1179 4804 ⁸⁰
1196 4770 1309 4823 divides
1327 4773 1387 4822 2.3.
