3294 5408
154 416 301 451 sesemel
313 417 349 451 DE
363 417 479 453 vtum
492 419 575 455 vatus
588 419 732 455 Aeetam
746 417 944 453 etauomcvtt
957 417 1078 454 ΟΔΒΙΙΝ.
1092 405 1249 455 ΟΜΟῊΝΙ·
1278 387 1352 462 313

186 614 191 623 .
268 575 402 632 Materies
419 576 481 632 baec
497 581 593 650 prima
609 578 679 651 fuito
699 593 767 633 narn
785 594 909 632 marmor
931 583 957 632 et
977 593 1078 633 aurum
1145 606 1151 615 ·

269 660 306 716 Et
325 661 424 734 quibus
444 664 505 734 ipsa
527 678 625 719 recens
647 664 724 719 urbis
741 679 816 719 nunc
834 662 931 734 sorma
950 669 1093 732 coruscat,

269 745 325 802 Itta
346 754 420 807 raus
440 750 538 803 meruit
551 752 660 821 pietas,
681 761 819 820 peperere
839 755 959 820 nepotes.

637 845 639 848 ⁴
664 856 754 900 reate.

489 1123 528 1179 M.
550 1120 718 1179 larome
737 1119 940 1180 SABELLICI

413 1237 463 1287 DE
489 1236 650 1288 VENETAE
676 1236 788 1289 VRBJS
808 1234 1017 1287 APPARAPV

524 1334 749 1377 enacaratat're
768 1334 895 1376 eramen

448 1412 528 1478 arno
546 1401 750 1476 ORAGVLVM
768 1426 971 1470 eascamerra.

267 1545 322 1600 Hic
343 1546 389 1602 ubi
405 1549 433 1602 in
454 1549 559 1602 alterna
579 1547 704 1603 Fortuna
726 1544 865 1602 immobilis
881 1552 950 1601 testu

267 1631 388 1687 Accubat
404 1638 430 1687 et
447 1632 530 1687 rebus
550 1649 605 1688 aon
626 1634 764 1705 impacata
781 1631 909 1687 secundis

266 1716 323 1772 Dat
339 1717 437 1790 pelaqa
453 1720 566 1773 uariare
585 1720 667 1786 vices,
687 1718 746 1785 tibi,
768 1718 891 1772 maxime
914 1723 1007 1773 rector
1024 1726 1036 1762 ⁴

272 1792 430 1870 Undarum,
452 1805 500 1858 eui
513 1803 613 1875 qluuca
635 1803 735 1859 cabars
756 1803 873 1858 desernit
892 1807 918 1856 ct
938 1803 1026 1858 amnis

240 1886 385 1959 oTbetyas
404 1889 472 1943 aula
491 1905 580 1960 vaqoe,
600 1889 627 1943 si
642 1903 707 1945 oera
729 1894 769 1942 est
786 1887 882 1959 sama,
903 1902 957 1958 per
979 1888 1104 1944 umbram

266 1972 386 2027 Reddita
406 1990 462 2030 oon
482 1974 549 2029 calo
571 1980 618 2029 tua
640 1973 760 2046 prandia
777 1972 840 2043 sata
860 1974 967 2028 retexit.

266 2058 322 2114 Illa
338 2073 394 2129 per
411 2059 565 2114 masuram
577 2065 681 2113 noctem
704 2059 767 2113 dum
787 2063 883 2130 sponte
899 2072 956 2129 per
974 2064 1053 2116 artus

268 2141 399 2198 insinuat
418 2159 448 2198 se
468 2148 551 2221 qrata
572 2145 648 2216 quies
668 2144 777 2214 allapsa
795 2145 927 2197 iacentem

270 2227 375 2300 Terque
391 2234 542 2302 quaterque
562 2230 637 2283 ciens
656 2230 728 2284 ultra
743 2228 811 2284 *tae
830 2227 876 2282 tibi
893 2226 973 2300 fatur
993 2229 1033 2284 ael
1051 2246 1151 2287 aures.-

230 2329 255 2368 io
269 2312 339 2367 ‘Hic
360 2312 406 2368 ubi
419 2320 546 2369 sacratos
568 2320 647 2369 actus
667 2321 693 2368 et
712 2313 833 2386 qrandia
850 2316 924 2385 reqie

266 2396 441 2454 ‘Monstratis
462 2406 633 2455 monumenta
657 2400 711 2468 lui,
731 2413 829 2471 maqne
847 2399 949 2470 aliqu,
969 2399 1042 2468 orbi,

265 2482 402 2539 ‘Undasis
419 2501 474 2556 qua
495 2492 572 2556 septa
593 2484 671 2540 undu
690 2501 765 2540 nunc
786 2483 895 2555 bospite
917 2485 993 2540 tettus

267 2567 324 2623 ‘Te
344 2574 426 2636 tenet,
449 2574 583 2626 oetmnum
606 2576 653 2626 tna
675 2571 789 2625 molliter
810 2584 873 2624 ossa
895 2563 1049 2641 quiescent'.

168 2704 173 2719 ,
265 2654 413 2710 Aperuerat
432 2653 513 2725 satis,
532 2655 582 2712 sed
598 2673 661 2727 quie
682 2660 737 2710 tam
755 2660 832 2710 certa
851 2652 946 2725 futuri

228 2753 252 2793 ts
270 2738 441 2794 Tuncmens
461 2755 532 2795 ausa
551 2741 629 2814 foret
649 2741 730 2796 clara
752 2739 812 2795 boee
828 2740 986 2811 penetralia
1008 2742 1094 2809 cultu,

265 2824 327 2879 Hac
346 2839 441 2879 rerum
460 2840 578 2895 sperare
599 2827 703 2881 decus?
724 2828 784 2898 quis
804 2825 897 2879 limina
918 2825 1013 2879 divum

268 2908 482 2981 Tercentumque
503 2927 572 2967 aras
588 2926 672 2983 posse
692 2911 744 2965 boc
765 2923 933 2981 eonsurqere
950 2909 1038 2980 fluctu

265 2993 420 3049 Crediderit
441 2999 536 3049 vates?
556 2997 607 3051 sed
627 2997 681 3063 sic,
705 2998 752 3050 eui
770 3011 878 3050 stemma
897 2999 1032 3064 potestas,

265 3077 393 3134 Iusserat
412 3080 535 3135 immotas
555 3081 691 3136 deducere
707 3081 826 3135 stamina
847 3079 965 3135 Parcas.

227 3178 253 3218 eo
268 3163 349 3219 Nuda
369 3169 432 3220 erat
451 3164 511 3219 luec
532 3171 616 3221 terroe
628 3165 733 3237 facies,
754 3181 837 3237 quarn
858 3170 957 3236 staqna
976 3163 1067 3236 refusi

264 3248 368 3305 Nereos
384 3255 410 3304 et
425 3250 537 3323 placida
558 3250 703 3306 sulcabant
718 3251 834 3322 flumina
856 3265 956 3311 cursu:

265 3333 391 3389 Nondum
410 3337 556 3391 coelieolum
577 3336 657 3392 sedes
673 3336 843 3391 bominumve
863 3336 980 3408 superbi

264 3419 406 3476 Fluctibus
430 3421 564 3476 extabant
575 3427 683 3494 postes,
705 3438 761 3476 aaa
781 3423 872 3476 littora
892 3423 998 3476 circum

263 3505 359 3560 Aurea
379 3505 507 3562 sublimes
525 3505 665 3579 feriebant
682 3507 785 3580 sydera
808 3512 916 3565 turres:
1024 3556 1031 3572 ,

225 3604 250 3643 es
265 3589 412 3662 Staqnanti
428 3608 482 3647 aaa
502 3593 558 3647 ulla
575 3592 649 3664 freta
669 3593 795 3658 rtaaalia‚
816 3592 886 3646 nulli

264 3675 413 3731 Remorum
431 3677 544 3748 pulsus,
565 3694 620 3732 non
642 3679 714 3732 lenta
736 3679 887 3747 celeumata
907 3682 1034 3745 nautum,

264 3758 321 3816 Sed
334 3762 429 3834 pelaqi
447 3764 578 3833 planetus
597 3763 691 3818 audiri
707 3768 734 3819 el
750 3769 860 3836 questus
878 3763 918 3817 ad
933 3778 1022 3839 auras

263 3846 421 3902 Nocturnus
443 3848 594 3903 volucrum.

263 3930 305 3987 At
325 3934 451 4003 quamvis
468 3931 605 3988 bominum
627 3934 702 3988 cititu
720 3934 829 3988 deserta
851 3935 973 3987 iacerent

225 4030 251 4070 aa
267 4014 377 4084 Omnia,
400 4017 529 4073 credibile
550 4026 590 4073 est
611 4013 685 4092 (aum
707 4033 783 4073 mens
804 4018 904 4090 afflata
921 4020 1079 4092 propinquo

264 4101 380 4157 Numine
398 4102 463 4174 sata
485 4103 568 4171 ridet,
586 4102 641 4174 sati
660 4117 712 4158 nec
731 4119 807 4158 caeca
824 4104 916 4177 futuri

267 4184 329 4241 Ulla
353 4189 436 4242 obstat
455 4189 543 4260 caliqo
561 4188 627 4260 piis)
649 4189 695 4243 tibi
714 4194 792 4244 nocte
810 4189 900 4244 silenti

263 4269 360 4339 Hanc,
383 4290 444 4346 quta
464 4288 568 4344 sparsa
589 4275 660 4328 iacet
676 4275 804 4345 spaciosa
822 4289 878 4345 per
897 4291 1020 4346 ecquora,
1042 4277 1136 4331 molem
1223 4269 1350 4356 lm&

263 4355 439 4413 Obversatam
462 4361 561 4414 animis
582 4361 726 4431 curvisque
744 4357 817 4414 bunc
834 4360 954 4430 flexibus
975 4360 1077 4416 orbern.

223 4455 249 4497 at
264 4440 372 4498 Scilicet
389 4459 497 4499 areana
519 4459 670 4517 suspensus
692 4445 752 4500 tuce
770 4458 825 4515 per
847 4444 968 4499 umbram

126 4706 319 4743 cunamen
331 4696 355 4743 t.
392 4692 399 4725 ¹
418 4696 443 4743 in
456 4711 504 4746 ara
516 4698 597 4751 maris
606 4710 710 4746 accessu
727 4711 878 4761 recessuque
895 4697 977 4746 varia.
1012 4693 1023 4727 ὅ
1039 4696 1075 4760 cs.
1086 4713 1114 4762 p.
1128 4695 1188 4748 309.
1199 4697 1236 4748 ad
1251 4713 1274 4748 a.
1287 4694 1347 4748 316.

57 4775 231 4828 'obscurum
251 4780 274 4828 l.
326 4776 349 4811 ¹⁰
366 4779 491 4844 Lupuaoe.
