3294 5408
714 367 836 414 uvrresu
852 379 961 415 srsucvs
975 368 1128 418 desererer.

482 525 551 599 ’ού
566 525 648 599 δέδι’
666 525 1005 616 ἄνθρωπον,»ιιαιάερ
1018 530 1102 618 μέγα
1116 531 1210 618 σῶμα
1226 534 1425 617 φοροῦντα,

397 661 402 671 ·
480 627 591 700 ’Ἀλλὰ
612 630 683 702 δύω
703 630 793 718 μάλα
814 633 923 699 πάντα
940 630 980 699 τὰ
998 636 1110 708 ,δείδια
1129 636 1241 701 πᾶσαν
1258 631 1311 704 ἐπ’
1328 634 1424 704 αδαν.

480 741 607 819 ‘Erigite
629 740 770 802 infractos
792 742 905 802 animos
927 739 1091 821 lassataque
1113 729 1217 815 corda,

442 861 468 902 rr
483 843 591 924 ‘ioque
613 845 706 904 ricem
728 843 870 905 audentes
892 845 977 905 sessis
999 848 1164 908 succurrite
1186 846 1293 917 rebus:
1331 896 1337 937 ;

480 944 694 1025 ‘Quoscunque
717 945 746 1005 in
768 943 894 1024 populos
917 948 1040 1007 emittite
1062 966 1110 1008 me
1132 947 1207 1010 duce
1230 948 1350 1011 beilum.

480 1048 532 1107 ‘dt
552 1046 657 1125 grandi
680 1046 797 1126 eloquio
820 1055 849 1109 et
872 1046 967 1109 verbis
990 1049 1162 1111 acuentibus
1184 1051 1243 1111 iras

481 1147 589 1211 ‘Nemo
611 1150 694 1210 tortis
717 1147 800 1228 eget'.
843 1151 1001 1230 Postquam
1025 1158 1069 1212 est
1091 1170 1123 1213 ea
1147 1151 1219 1222 iata,
1242 1152 1363 1215 silentes

479 1251 666 1332 Obstupuere
688 1252 791 1321 animi,
806 1251 904 1329 dignu
926 1253 1078 1323 admiratio
1103 1253 1184 1315 tactis

442 1373 467 1413 rs
481 1353 568 1416 lussit
589 1353 718 1414 inaudita
742 1353 867 1433 populos
889 1356 1014 1416 novitate
1037 1373 1153 1434 parere.

479 1455 638 1518 Confestim
661 1454 823 1516 adcurrunt
844 1455 945 1518 Veneti
967 1474 1127 1537 regemque
1148 1458 1288 1528 salutant,

481 1557 604 1638 Quoque
626 1556 734 1637 aliquid
757 1565 856 1637 posset
877 1560 1005 1637 quaesitae
1028 1560 1170 1621 accedere
1193 1561 1292 1630 lamae,

482 1659 557 1721 bant
578 1658 639 1720 aias
662 1657 871 1740 ‘Marcum'que
894 1669 1007 1720 vocant.
1032 1658 1079 1722 iiia
1103 1639 1208 1742 accipit
1230 1681 1317 1744 orqen

482 1765 668 1841 deceptoque
690 1763 795 1822 animis
816 1750 1068 1839 pro'condicione
1091 1755 1224 1842 superbit

443 1883 469 1922 so
484 1863 520 1924 Et
541 1864 658 1927 Venetis
670 1862 769 1967 ¹iianis
791 1871 820 1925 et
842 1863 938 1924 adhuc
960 1866 1063 1944 stipate
1087 1867 1230 1926 novorum

481 1967 608 2028 Accessu
630 1984 805 2046 procer·unr;
828 1972 898 2026 tunc
921 1985 1011 2045 regna
1035 1968 1138 2027 invasit
1160 1976 1188 2027 et
1210 1967 1300 2028 urbes

481 2069 708 2147 Perdomuitque
731 2067 821 2127 duces
843 2085 987 2148 regesque
1009 2071 1094 2130 eiecit
1115 2087 1246 2149 opesque

480 2170 616 2232 Condidit
637 2169 822 2231 immodicas:
845 2176 905 2230 toto
928 2178 1032 2249 stupor
1056 2190 1130 2231 ornus
1153 2173 1182 2231 irr
1204 2171 1277 2232 orbe

480 2260 691 2352 Λιμνοχαρῆς
711 2261 910 2351 πολύφημος
932 2282 1009 2342 erat;
1032 2274 1156 2335 timuere
1179 2276 1294 2353 tyranni

443 2391 468 2432 as
482 2361 523 2435 Etv
540 2375 629 2435 victas
652 2368 781 2435 tribucre
804 2391 922 2441 manus;
945 2392 1036 2452 regna
1059 2377 1155 2436 omnia
1178 2375 1278 2436 Marco

480 2475 594 2539 Territa
617 2481 685 2537 sunt
707 2475 831 2544 Veneto,
854 2473 915 2535 sola
938 2475 1007 2561 huic
1029 2479 1184 2539 Germania
1207 2484 1339 2538 monstro
1425 2499 1431 2506 ·

481 2578 636 2655 iudignum
659 2577 743 2639 duxit
764 2577 905 2639 famulum
928 2581 1110 2639 summittere
1133 2577 1249 2639 cottum.

480 2680 530 2742 ilia
553 2680 740 2742 Tridentinos
762 2687 859 2741 umen
883 2687 927 2740 est
948 2681 1085 2741 invadere
1109 2689 1223 2741 montes

372 2822 377 2837 .
481 2782 711 2862 Herciuiumque
733 2800 851 2850 nemus,
875 2801 930 2861 qua
954 2791 1037 2860 parte
1059 2782 1212 2844 obnubilat
1234 2783 1356 2852 istrum,

442 2904 467 2944 so
482 2886 575 2954 Ausa,
598 2883 653 2945 sub
676 2884 732 2945 hac
754 2886 853 2963 specie
875 2883 1059 2964 simulatique
1082 2904 1134 2946 ore
1157 2885 1277 2953 Leorris;

481 2987 538 3050 Per
560 2986 603 3048 ias
625 3004 736 3066 perque
759 2987 841 3047 netes
863 2994 942 3047 recta
965 2995 994 3046 et
1015 3004 1102 3065 prava
1123 2989 1222 3074 ‘omnia
1246 2989 1372 3048 miscens

481 3087 690 3167 Extollensque
712 3087 805 3150 malos
827 3090 1006 3167 meritosque
1029 3071 1058 3150 in
1080 3090 1201 3150 Tartara
1226 3106 1363 3167 mergens

437 3191 442 3203 “
481 3191 563 3263 Quos
584 3192 679 3270 potuit
701 3208 888 3270 quorumque
911 3191 983 3252 fides
1004 3192 1061 3254 sibi
1083 3192 1208 3262 credita,
1231 3200 1331 3254 sontes

482 3290 552 3353 iiaec
574 3292 676 3353 eadem
700 3292 755 3352 sibi
779 3294 929 3354 coniunxit
951 3295 1098 3373 sociisque
1120 3293 1175 3354 sub
1199 3313 1301 3354 omues

442 3414 466 3453 os
483 3394 539 3455 Usa
562 3400 607 3455 est
628 3402 765 3462 euentus;
788 3403 849 3456 tum
874 3413 947 3475 quos
970 3397 1169 3456 convincere
1192 3395 1270 3455 betto

480 3496 539 3557 Aut
559 3496 665 3557 virtute
687 3514 739 3558 sua
763 3499 870 3574 potuit,
893 3498 1036 3559 miscente
1058 3517 1170 3559 veneno

375 3606 379 3614 ’
481 3597 657 3659 Cunctantes
681 3599 762 3667 ricit;
786 3617 867 3659 sacra
892 3603 988 3660 omnia
1013 3608 1042 3663 et
1064 3603 1159 3660 omnia
1184 3601 1246 3660 iura

481 3698 588 3761 Polluit
610 3701 778 3779 egrediens,
802 3705 843 3760 vis
865 3707 952 3780 atque
974 3702 1077 3763 iniuria
1101 3701 1169 3763 beili

346 3972 368 4006 ‘¹
385 3973 428 4025 44.
442 3974 500 4025 Nec
519 3974 599 4026 timui
617 3974 704 4025 virum
722 3975 847 4039 quamvis
870 3975 969 4040 ingens
993 3990 1091 4039 corpus
1114 3974 1270 4025 habentem.
1341 3968 1419 4026 Οοδδ
1437 3967 1481 4026 δι’
1501 3966 1531 4026 δι’.
1546 3982 1572 4027 2.

280 4056 423 4126 φοροῦντα
442 4061 498 4110 1.2.
533 4098 537 4105 .
568 4060 590 4093 ⁸⁸
607 4059 649 4110 ts.
663 4059 707 4111 Sic
720 4064 743 4110 1.
752 4064 776 4111 2.
795 4067 821 4110 et
839 4060 1001 4110 frobeniana
1018 4063 1133 4111 α.1518.
1152 4059 1228 4122 (‘Sed
1246 4059 1299 4109 duo
1317 4059 1397 4110 valde
1421 4062 1518 4112 omnic
1536 4064 1571 4113 ti·

280 4161 340 4196 meo
358 4159 465 4196 omnem
483 4161 532 4212 per
550 4145 671 4208 terrem')
699 4147 795 4197 Versus
817 4147 911 4196 rectius
929 4145 960 4196 ab
979 4147 1088 4196 Hutteni
1103 4147 1214 4196 carmine
1231 4144 1340 4206 abesset,
1359 4148 1398 4195 aet
1413 4149 1439 4196 ri
1454 4150 1573 4198 cusende-

279 4248 331 4282 ιιιιιε
348 4248 401 4283 cunr
417 4236 452 4281 W.
471 4221 541 4283 ἀλλὰ
559 4223 617 4284 δύω
634 4223 750 4282 πάντων
767 4229 930 4297 περιδείδια
965 4246 994 4281 π.
1009 4245 1030 4282 ε.
1045 4224 1133 4292 ulcu,
1154 4238 1197 4280 aut
1214 4248 1267 4280 cnm
1279 4233 1307 4278 B.
1326 4220 1396 4280 ἀλλὰ
1409 4228 1435 4281 δ.
1449 4247 1480 4282 rr.
1493 4223 1571 4298 pnite

280 4315 378 4369 δείδια
395 4334 425 4367 rr.
439 4332 461 4369 ε.
475 4310 554 4369 αἶαν.
572 4332 636 4367 nam
659 4318 689 4366 in
712 4321 806 4368 vetere
830 4318 951 4367 carmine
970 4316 1050 4366 Rene
1072 4315 1172 4381 ιιίριιοε
1194 4314 1243 4368 καὶ
1268 4311 1373 4382 quidqu
1390 4315 1570 4383 (accipitrem

280 4408 308 4453 et
331 4401 429 4469 felem)
454 4419 484 4455 se
508 4403 604 4452 timere
628 4402 728 4464 edicit,
752 4417 812 4452 cum
836 4403 865 4452 in
888 4402 1006 4452 Hutteni
1030 4403 1151 4452 carmine
1170 4401 1239 4452 nihil
1259 4402 1318 4452 eius
1335 4399 1408 4451 modi
1426 4409 1569 4467 sequetur.

280 4487 304 4521 ⁷⁰
320 4489 402 4539 rebus
420 4488 571 4540 succurrite
590 4487 681 4538 fessis.
702 4488 784 4553 Verg.
797 4488 864 4537 ben.
879 4489 926 4537 XI.
940 4486 998 4539 335.
1051 4487 1072 4519 ⁷⁶
1091 4488 1172 4538 Hanc
1190 4485 1422 4551 metamorphosin
1434 4486 1572 4538 describit

281 4574 399 4639 picture.
464 4576 688 4625 susurrantes.
752 4573 774 4605 ⁷⁹
794 4567 951 4624 conditione
969 4577 994 4623 2.
1058 4571 1080 4603 ⁸⁴
1102 4571 1140 4622 12.
1156 4571 1428 4637 Paludegcudentiur
1445 4572 1570 4624 multiiu-

282 4664 372 4710 ctuns.
423 4649 604 4725 Δομοόχαρις
623 4662 697 4708 1...3.
751 4650 926 4723 Πολύφημος
946 4661 969 4707 1.
1023 4657 1043 4690 '³⁹
1062 4654 1216 4722 obnubilat]
1235 4656 1405 4722 Hercynium
1422 4671 1520 4709 nemus
1537 4677 1571 4703 =

280 4743 352 4795 silve
369 4747 452 4810 ntpra.
504 4743 526 4775 '⁸
545 4757 679 4810 quorunqj
698 4747 721 4795 1.
