3294 5408
405 389 527 424 uvrmtt
541 389 570 423 ll(
584 388 700 425 loannis
713 389 748 423 DE
762 388 874 424 ttvurtttt
887 389 1043 426 llfTEBI‘l‘VU
1056 390 1243 426 nttruotrtrlo.
1398 364 1471 434 407

378 543 411 603 ln
435 543 532 604 medio
555 544 697 621 raperes?
719 550 749 602 at
771 549 951 604 nontamen
975 542 1022 604 ille
1044 543 1182 614 timebat,

380 644 462 723 (Nam
485 652 514 706 te
537 645 607 724 quid
630 646 731 705 timeat
751 647 801 724 qui
823 647 866 706 sic
887 647 999 725 ametl)
1024 664 1117 725 usque
1139 665 1309 727 supremam

328 768 363 809 ns
380 747 509 808 Credidit
532 746 631 807 infelix
655 746 722 817 tibi,
746 765 802 808 nec
825 748 932 808 diffidit
952 747 989 807 ad
1012 747 1127 809 horam.

377 849 440 910 lloc
463 856 581 928 poteras
604 847 701 909 celare
725 849 823 918 nefas,
847 851 889 910 sic
913 848 1015 911 fallere
1037 857 1185 911 amantem

377 951 461 1012 Tunc
483 969 601 1031 quoque
624 969 691 1011 cum
715 969 845 1012 eaesurus
868 952 952 1013 eras?
973 951 1112 1029 praefatus
1134 954 1261 1014 amicum

377 1052 529 1114 abduxisti
551 1054 672 1132 inopem
694 1052 806 1113 fraudis
829 1059 937 1132 tuaque
961 1051 1009 1114 ille
1031 1061 1150 1114 secutus

379 1154 460 1216 lussa
483 1154 562 1215 celer
585 1154 663 1214 eadit
684 1162 751 1214 ante
774 1153 850 1215 diem
874 1156 1099 1234 interruptaque
1121 1155 1225 1236 linquit

327 1278 363 1320 uo
378 1257 436 1318 Per
458 1255 555 1317 scelus
578 1255 675 1336 ampla
698 1264 792 1318 tuum.
817 1257 852 1317 da
876 1257 955 1337 quod
979 1264 1007 1317 te
1029 1258 1148 1318 auferre
1169 1258 1319 1332 dolemus,

376 1358 412 1418 Et
435 1359 537 1438 patriae
559 1377 642 1437 spem
664 1357 757 1419 redde
779 1378 878 1429 suam,
901 1361 1057 1438 positoque
1080 1358 1181 1422 dolore

376 1460 436 1521 Nos
458 1467 571 1521 temere
592 1460 706 1521 desisse
729 1461 823 1531 refer,
846 1468 975 1522 mentem
998 1460 1144 1522 omnibus
1158 1463 1246 1533 aller,

378 1563 416 1624 Ut
438 1569 485 1622 tua
510 1563 584 1622 faeta
608 1562 713 1623 infecta
736 1570 855 1640 putent,
875 1563 1025 1640 contingat
1046 1571 1080 1625 ut
1101 1564 1188 1625 istum

379 1664 501 1724 Frustra
525 1664 599 1725 adeo
622 1664 732 1725 luxisse
755 1672 869 1744 patrem
894 1664 1026 1744 falsoque
1049 1673 1236 1744 peremptum

327 1787 365 1826 ras
381 1764 546 1826 Crediderit
568 1773 685 1826 natum:
708 1766 759 1827 sed
783 1784 837 1827 neu
861 1774 889 1829 te
912 1767 1039 1829 reddere
1061 1767 1135 1829 velle

381 1867 535 1929 Sublatum
557 1886 614 1929 nee
636 1886 722 1946 posse
745 1868 832 1929 fides!
855 1868 893 1929 alr
916 1888 981 1949 quae
1005 1869 1057 1929 tibi
1079 1871 1170 1930 tristis

380 1969 479 2029 lnnata
502 1976 548 2029 est
569 1968 681 2039 rabieS,
705 1988 771 2049 qua}
793 1979 852 2031 tam
875 1972 1030 2048 exagitavit
1051 1970 1176 2031 acerbos

378 2070 446 2131 llira
469 2072 554 2132 ferox
576 2073 709 2133 animost
732 2072 797 2141 Sol,
822 2073 872 2152 qui
895 2073 1071 2134 iustissimus
1093 2074 1207 2134 omneis

379 2173 489 2251 Aspicit
511 2180 647 2243 eventus,
671 2174 765 2234 media
788 2176 866 2236 inter
888 2173 989 2235 nubila
1012 2194 1106 2236 oaecos

328 2296 365 2336 rto
381 2273 517 2335 Orculuit
539 2275 636 2336 vultus
658 2275 837 2355 pallentique
859 2275 979 2338 abstulit
1001 2295 1120 2337 omnem

378 2376 437 2437 Ore
460 2375 552 2446 diem,
576 2377 707 2455 fugitque
729 2378 812 2439 nefas
833 2377 982 2457 voluitque
1005 2380 1130 2441 reverti:

376 2477 413 2538 Et
434 2484 568 2557 poteras,
591 2479 617 2538 si
639 2497 698 2539 non
721 2498 812 2541 curru
834 2479 926 2541 semel
947 2487 1015 2542 ante
1038 2480 1176 2552 reducto,

377 2578 502 2650 tuobe,
526 2580 679 2642 Thiestaeae
702 2581 872 2643 damnasses
894 2582 1018 2659 prandia
1040 2601 1166 2651 mensae,

377 2681 461 2741 Tunc
483 2688 620 2760 poterant
641 2689 750 2744 mutata
773 2691 854 2744 retro
877 2684 984 2762 passim
1009 2686 1106 2744 omnia
1130 2684 1202 2744 ferri

329 2804 365 2845 ru
380 2783 541 2845 Tristitiam
564 2791 667 2846 testata
689 2803 810 2845 novam:
835 2794 905 2845 tunc
927 2785 1032 2865 sydera
1055 2784 1155 2845 lumen

377 2885 545 2946 Obseurare
567 2902 655 2946 suum
678 2893 707 2946 et
728 2885 828 2955 solito,
852 2887 1083 2955 immanissime,
1108 2886 1219 2947 caedem

376 2988 515 3049 aversata
537 2995 616 3048 tuam
639 2987 783 3049 desistere
805 2987 926 3048 flumina
949 3005 1055 3056 cursu;

376 3089 545 3151 llumanum
568 3090 705 3150 miserata
727 3105 823 3166 genus
844 3070 915 3149 s'unt
936 3089 1073 3158 numina,
1096 3089 1192 3150 fraudi

377 3192 442 3252 Nou
464 3209 586 3270 parsore
609 3198 676 3252 tuae.
699 3191 758 3250 Vos
779 3208 874 3261 nuno,
897 3198 1065 3270 matresque
1089 3192 1216 3269 virique,

327 3315 363 3355 rso
378 3292 500 3355 Flebilis
522 3294 697 3361 extinctum;
721 3299 829 3372 quanta
853 3300 897 3353 est
920 3292 1091 3361 Germania,
1115 3293 1223 3353 tristeis

376 3395 481 3456 lnduat
503 3395 638 3466 aflectus,
662 3413 694 3456 se
717 3394 843 3456 destinet
865 3395 995 3473 undique
1017 3393 1129 3463 luctus,

378 3498 481 3559 Omnia
506 3496 702 3566 conturbans;
726 3495 820 3558 nullas
843 3514 901 3556 non
925 3495 974 3557 ille
996 3495 1109 3576 puellas

376 3600 470 3660 llorte
493 3607 559 3667 tua,
583 3600 715 3668 iuvenis,
738 3606 853 3658 moreat
875 3597 977 3665 dolor,
999 3599 1040 3658 ‘ite
1063 3599 1210 3676 frequenti

379 3701 496 3761 Circum
519 3700 582 3761 hae
605 3701 690 3762 busta
713 3701 821 3770 choro,
844 3698 1002 3777 lugubrem
1025 3699 1154 3760 inducite
1177 3718 1314 3780 pompam

328 3827 365 3866 rsa
379 3804 470 3865 lasso
492 3805 575 3864 crine
597 3821 700 3864 omnes
723 3811 750 3863 et
773 3801 861 3880 pullis
883 3800 1013 3864 vestibus
1035 3819 1155 3871 omnes,

378 3905 609 3983 virgineumque
631 3912 729 3965 arcete
752 3904 858 3973 decus,
881 3922 936 3964 neo
959 3904 1033 3964 ferte
1056 3921 1182 3964 coronas

378 4009 509 4086 Comptar
530 4004 658 4085 aliquas,
682 4007 729 4066 isti
752 4006 808 4065 nisi
831 4004 901 4083 quid
925 4006 1035 4065 iactare
1056 4003 1216 4083 sepululrro

379 4109 430 4169 Est
451 4109 548 4168 lionor
573 4107 670 4186 (atque
692 4106 790 4166 honor
813 4105 876 4185 eat),
901 4105 990 4165 violas
1013 4106 1177 4176 cumulate,
1201 4106 1331 4186 Napaeae,

379 4212 416 4272 Et
438 4210 543 4271 molles
565 4209 713 4271 cumulate
736 4226 835 4278 rosas,
858 4215 922 4269 tum
944 4207 1002 4268 lilia
1026 4205 1122 4288 plenis

244 4400 275 4432 ¹²⁶
294 4398 676 4462 caelareomnespositolpoet
690 4396 771 4445 nefus
786 4396 835 4445 sed
846 4400 966 4459 nonpost
981 4408 1052 4444 ores.
1089 4391 1268 4443 ¹³⁸omne83,
1307 4382 1433 4436 ¹⁴²c11rsu
1447 4389 1475 4436 3·

175 4486 207 4525 ¹⁴³
226 4487 269 4536 De
287 4486 430 4550 Thyestea
448 4497 544 4532 mense
563 4481 599 4532 cf.
613 4481 679 4531 dial.
692 4480 857 4531 Phaloriam.
872 4480 896 4540 §-
910 4478 951 4529 20.
966 4478 1058 4528 adnot.
1106 4475 1139 4510 ¹⁴⁴
1157 4478 1262 4543 passim
1279 4491 1347 4525 corr.
1362 4479 1391 4522 tt.
1410 4471 1472 4521 sub-

174 4574 286 4625 itote.
348 4567 380 4603 ¹⁴⁵
398 4567 531 4618 aideruf.
594 4565 627 4600 ¹⁵⁰
645 4583 671 4632 q.
684 4582 708 4616 e.
723 4561 827 4630 Germ]
841 4564 878 4615 ef.
892 4563 1037 4628 Triumph.
1053 4561 1200 4612 Reuchlin.
1214 4577 1240 4612 v.
1254 4560 1280 4610 5.
1337 4559 1433 4609 tristes
1447 4563 1473 4609 3.

175 4654 208 4689 ¹⁵²
227 4654 398 4705 conturbans
416 4669 485 4704 corr.
501 4657 529 4702 Η.
544 4651 690 4703 conturbet
703 4653 758 4701 1.2.
830 4647 862 4681 ¹⁵⁵
880 4646 957 4715 pulla
979 4647 1067 4697 vestis
1085 4647 1111 4696 h.
1125 4646 1144 4696 l.
1157 4646 1265 4708 luctus,
1288 4660 1343 4695 nou
1366 4643 1469 4694 sordidi

180 4741 292 4806 generis
311 4739 443 4791 indicium
462 4743 513 4789 est.
568 4736 601 4770 ¹⁵⁸
619 4735 765 4799 Ναπαῖαι,
783 4749 923 4786 nemorum
942 4731 1077 4799 nymphae.

1062 4894 1071 4923 f
