3294 5408
232 429 236 436 ·
266 416 302 452 AD
314 416 473 453 sancionis
487 416 655 459 RELIQVOSQ.
670 415 862 452 GEBUANOBVH
876 416 1024 452 emicastis
1037 414 1149 451 CARNE!
1161 416 1283 452 amour.
1348 386 1418 457 197

331 576 423 632 lactat
443 578 484 632 iol
504 581 581 631 terro
598 577 728 647 posuisse
745 577 773 629 in
794 576 898 647 oirqinc
917 573 1006 632 sedes.

282 678 319 720 tto
335 661 401 731 Quis
418 661 497 734 ferat
517 661 597 717 bac?
618 660 675 716 Sul
695 668 759 716 sunt
774 662 922 732 qrauiora:
944 661 1006 731 quis
1026 658 1124 716 obstitit
1143 661 1206 718 olim

331 747 447 820 Semper
467 753 493 802 et
513 746 576 801 luuic
597 751 685 802 oestro
702 747 816 818 imperio
835 747 921 816 moqis
938 743 1007 799 serbe
1025 745 1148 818 superba

330 833 475 888 Adriaco?
496 848 534 886 ecc
556 832 601 887 illo
623 833 678 885 iam
700 839 757 886 lum
778 847 841 903 quse
858 831 944 894 inrisa
967 829 1066 903 Pipino

330 919 367 973 Et
384 918 487 973 deuicto
503 917 570 989 fnit,
591 919 715 989 quornm
733 922 824 988 neqet,
847 922 874 969 et
894 921 984 970 tamen
1000 917 1075 970 illam

330 1003 538 1076 induperatrici
555 1001 677 1075 Maqnus
698 1003 831 1057 concessit
851 999 932 1056 ireni

280 1106 317 1147 tos
331 1083 460 1156 Carolus,
483 1087 566 1144 Italia
588 1088 688 1155 illuso,
709 1094 757 1143 out
771 1100 847 1158 pone
867 1091 957 1142 seculo

328 1173 500 1245 Nicephorm
521 1173 584 1228 leuic
605 1172 717 1228 Primus
733 1178 785 1227 toto
804 1173 961 1226 commertia
978 1187 1065 1244 reqno

327 1258 477 1315 Iistereiieeit
496 1250 577 1323 Clito,
597 1259 667 1312 iusta
688 1271 839 1314 succensus
860 1256 895 1311 ab
912 1258 973 1317 ira,-

331 1345 387 1400 Nec
411 1346 500 1399 minus
516 1343 644 1401 Henrico
666 1361 684 1397 a
706 1349 805 1415 quarto
828 1342 937 1398 diversa
960 1347 1054 1398 notata
1076 1350 1129 1410 est,

328 1432 416 1502 Atque
438 1430 513 1484 aliis:
535 1428 596 1484 ollio
614 1428 665 1483 secl
682 1430 754 1484 ersim
768 1422 903 1499 patefecit
923 1426 1047 1483 habenas

280 1533 316 1573 uo
329 1517 406 1571 Ausa
423 1516 520 1586 polam
541 1527 601 1570 sese
621 1514 767 1569 Frielerico
788 1528 929 1584 opponere
947 1514 1054 1584 primo,

328 1601 466 1673 Falsoque
484 1602 585 1672 captiui
600 1602 711 1655 mentiri
728 1599 835 1655 uincula
858 1597 983 1664 Otluonis,

330 1688 418 1759 Atque
439 1688 477 1740 itu
495 1688 618 1741 mentitos
637 1692 743 1741 esterna
763 1686 791 1738 in
812 1685 895 1739 sescla
912 1683 1064 1755 triumplsos

329 1771 447 1844 Pinqere
469 1777 523 1825 lam
546 1770 649 1826 celebri
663 1770 827 1842 spectandos
845 1775 931 1841 porte
950 1769 1079 1840 superbae

333 1856 426 1923 Urbis,
450 1856 485 1910 ab
506 1854 606 1911 imbelli
626 1857 792 1911 Germanica
812 1861 905 1909 rostra
926 1856 1004 1910 leone

279 1959 315 1998 sss
330 1940 426 1999 Mersa
452 1943 526 1996 mari
542 1940 677 2014 sonasque
699 1947 789 2007 retes,
809 1941 948 2011 (lstilonlia
969 1942 1049 2012 siqna
1128 1936 1131 1941 ’

195 2227 224 2260 ¹³⁹
247 2230 464 2279 inimiciter
487 2228 660 2277 enclomonles
687 2226 825 2276 Venetioni
849 2226 986 2288 ‚qtoriostus
1013 2224 1045 2274 ele
1072 2242 1101 2275 se
1122 2226 1268 2290 praedicant
1291 2229 1365 2279 seiles
1388 2245 1416 2280 se

122 2318 251 2378 posuisse,
275 2314 360 2364 urbem
383 2329 453 2362 suam
477 2313 635 2368 condidisse,
658 2310 683 2360 in
706 2318 778 2360 terra
802 2311 912 2374 uimine,
935 2309 983 2359 noc
1000 2315 1039 2358 est
1056 2311 1153 2360 insola
1171 2318 1248 2362 antea
1265 2311 1297 2362 ab
1314 2315 1416 2364 bomini·

123 2399 170 2449 bus
190 2415 239 2450 non
262 2404 395 2464 occupabo.
467 2394 551 2440 ’ΜΨ
570 2397 633 2446 Post
657 2397 728 2445 sinsin
751 2412 767 2444 a
790 2396 883 2459 Pipiuo
906 2394 994 2444 Italioe
1015 2410 1089 2459 repe,
1115 2396 1203 2446 Caroli
1219 2397 1256 2447 bl.
1271 2400 1340 2460 filio,
1363 2415 1416 2449 curn

126 2484 232 2534 Venetis
255 2484 401 2550 Cra’clsque
430 2483 488 2532 iude
517 2482 548 2533 ab
574 2499 640 2533 anno
659 2484 717 2531 809.
736 2483 866 2530 commissa
886 2482 982 2544 proelia
1005 2481 1106 2555 illaad
1127 2498 1200 2530 unam
1222 2498 1307 2532 onmes
1335 2484 1415 2534 Vene-

122 2575 164 2618 tas
181 2570 277 2619 insilias
294 2571 362 2633 cepit
379 2586 403 2618 a.
416 2570 489 2625 stu,
514 2569 557 2634 qui
578 2569 647 2633 reqis
668 2580 799 2629 supremus
814 2566 874 2628 sirit.
911 2580 960 2630 quo
978 2571 1075 2616 mortuo
1095 2566 1203 2617 Carolus
1219 2567 1257 2617 M.
1276 2568 1339 2617 inita
1362 2586 1416 2620 curn

124 2654 269 2720 Nicephoro
282 2654 397 2704 Patricio
415 2655 472 2718 imp.
488 2653 547 2709 CP„
561 2668 610 2703 non
628 2655 666 2701 ita
683 2654 756 2715 lonqe
771 2657 831 2716 post
850 2666 867 2699 a
884 2649 1007 2713 Bulqaris
1021 2652 1081 2713 suso
1099 2655 1241 2718 occisoque,
1257 2668 1323 2717 pace
1336 2654 1416 2704 eidem

121 2741 179 2790 illas
200 2741 296 2790 insulas
318 2740 441 2804 permisit.
479 2737 587 2788 Ducibus
614 2737 764 2787 Venetianis
788 2735 905 2785 Obelerio
932 2750 986 2784 cum
1010 2735 1139 2798 fraribus
1165 2737 1222 2787 llaec
1248 2744 1323 2803 qesta
1349 2746 1414 2790 sunt.
1438 2748 1441 2753 '

123 2825 214 2891 Itaque
244 2840 294 2874 non
317 2824 418 2880 Iseum,
450 2823 609 2874 Constantini
633 2821 785 2886 Capronymi
811 2823 902 2875 uxori,
931 2821 1162 2889 imperatorumque
1185 2823 1282 2873 Leonis
1308 2823 1417 2875 Cllazari

120 2910 241 2976 istiusque
263 2910 418 2959 successoris
438 2907 598 2959 Constantini
617 2912 642 2955 V.
662 2909 739 2956 matri
755 2908 864 2964 mindaii,
888 2921 945 2971 qua¹
965 2913 1026 2969 past
1044 2909 1123 2970 tilium
1144 2912 1320 2974 interemptzan
1343 2911 1413 2976 quin·

121 2994 244 3061 quesere
262 3009 343 3044 annos
360 2997 416 3044 sola
438 2995 567 3058 reqnaoit,
592 2994 673 3043 donec
691 3008 715 3042 a.
729 2994 789 3042 802.
804 3008 820 3040 o
839 2989 986 3054 A'ieepboro
1009 2992 1051 3042 illo
1073 2993 1099 3041 in
1118 2992 1227 3043 Lesbum
1249 2995 1355 3044 instalum
1371 3010 1413 3044 re·

120 3084 262 3145 leqaretur,
287 3079 329 3128 ubi
345 3080 371 3127 d.
385 3082 408 3127 9.
424 3081 490 3143 Artq.
505 3095 529 3129 a.
543 3080 604 3128 803.
618 3078 770 3141 escspiraoit,
789 3077 837 3126 sed
853 3076 910 3125 buia
926 3082 1037 3125 monstro
1056 3092 1126 3142 pone
1145 3081 1241 3128 seculo
1259 3079 1414 3143 Nicephorii

122 3167 228 3216 Coram
246 3164 284 3214 M.
302 3165 413 3215 Venetas
431 3163 578 3214 concessit.
616 3160 663 3223 Qui
681 3162 851 3226 Nicephorus,
875 3177 928 3211 curn
948 3159 981 3209 ab
999 3177 1065 3212 anno
1084 3164 1143 3214 802.
1162 3178 1240 3229 usque
1258 3167 1295 3214 ael
1309 3165 1414 3216 medicas

117 3251 177 3315 sere
199 3266 289 3300 annum
311 3252 384 3306 811„
413 3251 473 3298 niter
494 3263 548 3297 suae
571 3249 737 3303 noomsirnum,
768 3248 869 3312 imperii
896 3246 1032 3307 orientatis
1053 3253 1144 3313 parles
1166 3248 1246 3313 maqis
1269 3248 1413 3313 deperisset

120 3352 194 3403 quam
215 3341 360 3400 reqnassei,
392 3350 408 3383 a
430 3334 549 3383 carminis
575 3336 737 3399 conpositore
765 3339 856 3397 aperte
880 3331 1047 3395 confunditur
1070 3348 1123 3382 cum
1148 3333 1294 3398 Nicephoro
1317 3335 1413 3395 Pboou,

122 3422 167 3488 qui
190 3422 371 3471 estsere.
390 3418 548 3484 inpartibus
572 3417 684 3469 Orientis
706 3423 835 3483 reqnaoit:
859 3432 915 3466 nam
937 3415 1002 3466 huic
1026 3416 1093 3468 Otto
1110 3417 1133 3468 Ι.
1151 3420 1209 3469 toto
1232 3433 1317 3484 regno
1340 3436 1412 3471 com·

124 3506 228 3556 mercis
247 3503 403 3555 interdixit:
423 3506 477 3554 eius
490 3507 569 3568 filiam
591 3503 777 3568 Tbeopbaniarn
795 3506 935 3567 imperator
952 3500 1026 3552 Saxo
1040 3504 1095 3566 tilio
1113 3517 1158 3554 suo
1178 3502 1265 3554 Ottoni
1274 3508 1306 3554 11.
1320 3505 1346 3555 in
1363 3522 1413 3556 rna·

118 3592 262 3642 trimonium
278 3596 448 3655 poposcerat,
472 3605 616 3641 concessam
634 3596 715 3639 autem
732 3605 786 3639 erun
805 3587 891 3639 Croeci
906 3588 1005 3652 perfide
1024 3589 1181 3653 interemptis
1199 3588 1297 3640 Ottonss
1315 3592 1352 3641 ad
1366 3606 1412 3642 cc·

119 3677 261 3741 cipiendam
284 3691 372 3724 nurum
394 3676 476 3724 missis
498 3677 589 3740 leqalis
612 3674 778 3740 militibusque
803 3668 1044 3738 Conslantinopolim
1066 3674 1243 3734 reduxissent,
1272 3678 1413 3727 exercitum

118 3762 266 3812 orientalem
284 3762 310 3809 in
330 3759 446 3810 Calabris
464 3761 555 3810 devicit
573 3777 597 3810 a.
613 3762 669 3810 lib.
730 3757 761 3792 ¹⁴⁸
780 3774 805 3808 a.
822 3755 895 3809 1091.
955 3755 1044 3801 ’ΜΨ
1064 3760 1131 3811 Hac
1148 3759 1288 3824 referenda
1305 3777 1361 3813 esse
1378 3763 1413 3813 oi-

119 3847 211 3897 dentur
228 3847 264 3895 aei
280 3862 305 3895 a.
320 3848 392 3895 1177.
407 3861 460 3895 cuns
479 3846 727 3895 simonianorum
740 3844 1017 3894 accucurrimus.
1035 3846 1156 3904 Venetiis,
1174 3851 1307 3913 postquam
1324 3848 1412 3898 barsan

120 3934 176 3983 dos
193 3930 359 3982 Sebastianus
379 3929 474 3980 Zionus
492 3931 596 3980 nauibus
613 3929 785 3996 imperialibus
802 3930 907 3981 deuictis
926 3928 1041 3981 Ottonern
1057 3933 1221 3997 imperatoris
1234 3933 1313 3996 filium
1329 3935 1412 3999 capti-

118 4032 172 4066 man
197 4031 280 4066 seman
307 4016 436 4077 desisset,
465 4032 554 4080 pacem
577 4018 667 4072 iniret,-
690 4015 735 4065 ubi
752 4015 895 4080 pontificem
916 4018 997 4081 pedes
1022 4017 1135 4068 Caesaris
1155 4020 1250 4067 ceruici
1269 4018 1412 4083 inposuisse

115 4107 209 4166 postea
226 4107 404 4160 narramrunl,
423 4102 492 4150 culeus
509 4101 637 4166 stirperbia¹
654 4102 850 4166 descriptionem
865 4104 961 4164 pictam
983 4103 1075 4153 Veneti
1091 4104 1184 4154 deinde
1199 4102 1298 4169 publice
1314 4119 1411 4169 propo·

117 4192 235 4244 suerunt,
260 4185 368 4236 Romani
387 4192 471 4236 aretem
488 4187 776 4252 anno1708.Iosepbo
798 4189 829 4235 ll.
843 4190 1025 4252 transcriptum
1047 4190 1187 4254 exemplum
1209 4189 1432 4254 conspiciendum·

117 4272 296 4327 cummisi.
320 4277 347 4320 ut
369 4272 482 4322 dolorem
504 4273 691 4328 clinomeni:
713 4279 741 4321 at
760 4273 849 4323 Ceasar
865 4277 965 4324 smltum
982 4274 1135 4323 mendamum
1152 4276 1290 4340 stultosque
1308 4276 1411 4326 mentia-

117 4371 160 4407 ces
177 4356 277 4406 aenae
309 4356 348 4420 Cf.
362 4357 509 4408 Heinriebii
529 4357 649 4408 Teutsclle
667 4358 904 4422 Henmqesonoot.
920 4362 946 4409 3.
959 4376 986 4423 p.
1001 4361 1058 4409 157.
1092 4359 1207 4409 Ceterum
1225 4361 1328 4424 ‘captiui
1339 4358 1432 4411 osso·'

117 4443 158 4492 nis
174 4440 350 4506 (imperatoris
364 4443 424 4507 filii)
441 4440 548 4493 oinatla'
567 4445 625 4507 ipsa
640 4444 713 4505 salsa
729 4458 786 4493 esse
803 4445 872 4493 inter
888 4447 1047 4495 recentiores
1063 4449 1173 4495 constat.
1208 4444 1274 4494 Vide
1292 4444 1413 4497 &mari

118 4526 314 4587 [Iaienstausen
326 4530 375 4577 ool.
384 4530 408 4577 2.
416 4543 444 4592 p.
456 4530 517 4577 tot.
554 4525 677 4578 ¹⁵²seels
690 4531 713 4577 t.
750 4525 782 4560 ¹⁵⁴
795 4527 885 4578 Germ.
900 4527 999 4595 rostro]
1014 4530 1273 4595 naoesirnperatoris.
1319 4527 1410 4598 leone]

116 4626 138 4661 s.
154 4609 243 4661 Marci
263 4611 423 4669 Venetorum,
443 4615 514 4663 alato
532 4613 564 4662 ab
582 4614 669 4663 coelem
686 4614 749 4663 duce
769 4613 849 4663 Ziano
867 4615 893 4663 iu
910 4616 971 4679 ripa
988 4615 1124 4673 mceritima,
1149 4616 1191 4666 cui
1206 4615 1330 4683 imamque
1347 4617 1410 4668 Pia·

117 4701 187 4747 setta
204 4710 292 4747 nomen
308 4704 360 4756 est,
379 4703 475 4747 erecto.
1029 4716 1034 4723 ·
