3294 5408
170 371 244 445 39ss
348 403 471 440 ΒΠΤΙΙΙ
485 403 514 440 nt
528 400 725 438 EXCEPTIONBH
737 400 923 436 uouvrtrnttttt
936 400 1057 436 ALBER'H
1072 400 1304 439 tauromen-

371 559 476 621 batam
500 559 618 626 doceat,
643 556 758 636 quates,
782 575 849 628 cunr
872 555 973 618 sedula
994 562 1088 617 mater

312 675 361 717 um
374 660 442 724 aies
464 661 527 722 obit
547 668 665 740 pastum
688 662 745 719 iam
768 661 866 737 primo
889 660 1020 726 oriente,
1044 658 1190 738 reditque

373 765 460 834 Sera,
484 764 583 825 serens
605 761 694 841 pleno
718 762 833 822 miseris
855 759 997 821 solumina
1019 767 1141 829 rostro,

372 865 493 944 Impasti
516 863 638 926 exiliunt
660 863 731 942 pulli
753 854 952 942 quassantque
975 861 1160 942 trequenteis

372 968 534 1028 Adversum
557 968 663 1045 pennis
685 965 817 1027 nondum
841 964 1004 1025 vetantibus
1026 963 1101 1033 atos,

372 1069 531 1147 biutuaque
551 1070 628 1130 iuter
650 1086 681 1129 se
704 1067 760 1128 laeti
783 1069 943 1128 cacumina
965 1074 1087 1128 sumunt

312 1172 430 1244 ¹¹⁵⁵0ui
452 1173 565 1250 primos
587 1171 737 1231 seratura
760 1168 860 1237 cibos,
885 1177 913 1231 et
936 1168 1009 1230 colia
1032 1168 1197 1247 subaptaut

373 1275 475 1337 Matris
497 1276 527 1334 iu
551 1291 724 1334 occursum:
748 1289 799 1332 vos
821 1271 899 1332 baud
923 1290 1011 1332 secus
1032 1278 1100 1332 aute
1122 1273 1270 1349 cupitum

375 1376 468 1457 (Venit
490 1375 578 1455 enim)
602 1383 715 1454 captate
738 1374 860 1443 ducem,
884 1373 985 1434 solatia
1009 1375 1112 1434 vestris

373 1480 502 1558 arripite
524 1477 638 1556 impleti
660 1479 754 1545 curis,
778 1477 918 1537 arcessite
941 1475 1063 1554 dignum

373 1580 435 1643 Hoc
458 1579 613 1660 desyderio
635 1597 752 1640 munus.
796 1577 842 1638 Tu
865 1585 894 1638 te
916 1578 1021 1640 obvius
1041 1584 1108 1655 apta

310 1703 358 1744 noo
373 1684 570 1762 Fortuuisque
591 1682 650 1742 tuis
672 1680 807 1758 indulge,
830 1681 949 1740 occasio
972 1697 1117 1757 praesens,
1140 1732 1142 1737 .
1185 1759 1187 1761 ι

372 1787 416 1849 Ne
437 1786 500 1846 sine
523 1782 626 1853 dilabi,
650 1789 799 1844 versatur:
823 1799 875 1851 au,
900 1783 1010 1861 optime
1032 1783 1189 1861 princeps,

373 1888 416 1950 Na
439 1889 562 1948 timeare
585 1887 671 1947 times
694 1893 723 1946 et
744 1902 805 1945 uon
829 1886 871 1944 ris
895 1903 959 1946 asse
982 1882 1142 1945 molestus?

372 1992 408 2052 tt
429 1989 531 2060 nobis,
553 1989 609 2048 nisi
630 1995 659 2049 te
682 1988 749 2057 das,
773 1986 820 2047 itta
844 1986 977 2048 molestia
999 1987 1102 2063 surgit.

372 2091 448 2165 Ouid
471 2090 558 2151 relies
581 2092 722 2151 mansisse
745 2089 841 2159 domi,
863 2089 994 2149 tenuisse
1017 2089 1160 2166 quietem,

311 2211 361 2253 uos
375 2193 554 2254 Traduxisse
577 2193 757 2264 aunosnritae
779 2192 929 2270 Musisque
951 2189 1080 2269 tibique?

373 2295 437 2356 Non
461 2295 525 2355 baec
547 2294 676 2356 conditio
699 2301 744 2354 est
765 2311 820 2371 pro
842 2300 886 2360 te,
910 2300 1020 2371 tuaque
1041 2291 1133 2353 altera
1156 2309 1225 2355 sors
1248 2301 1313 2355 est:

373 2398 522 2458 Hactenus
544 2396 691 2457 indultum
715 2395 805 2457 Musis
827 2395 1002 2473 placidoque
1024 2392 1119 2454 labori

372 2500 511 2560 Privatim
534 2498 621 2559 suerit
643 2505 822 2576 tempusque
844 2498 1006 2558 extraxerit
1028 2495 1098 2557 iliud

373 2600 462 2662 Docta
485 2602 569 2679 quies
591 2599 694 2667 nobis:
717 2617 798 2660 nunc
819 2608 848 2660 te
871 2600 906 2660 ad
930 2600 1041 2659 maiora
1064 2599 1162 2658 vocari

313 2723 362 2764 arro
375 2703 442 2764 Fata
465 2703 568 2764 iubent
588 2701 788 2780 splendorque
810 2709 879 2761 tuus
901 2702 958 2762 iam
981 2701 1115 2778 cognitus
1136 2708 1207 2763 ante

373 2804 466 2876 Quam
489 2806 568 2866 visus
589 2812 735 2882 notusque
757 2805 852 2872 sores,
877 2802 925 2864 illa
948 2801 1013 2863 aula
1036 2802 1162 2864 docebat

371 2909 478 2969 lusauti
499 2914 612 2986 reptata
635 2905 702 2974 tibi,
726 2905 902 2968 documenta
926 2906 1016 2965 iuturi
1358 2905 1470 2987 {m

372 3011 456 3072 Tunc
479 3028 598 3089 qunque
620 3026 725 3086 magua
749 3008 856 3077 dabas,
879 3016 929 3069 tua
952 3007 1038 3086 plane
1062 3008 1184 3069 infantia
1206 3015 1300 3069 tantae

375 3112 497 3173 Virtutis
518 3127 650 3190 praesaga
674 3112 746 3178 iuit;
770 3113 866 3190 prima
889 3111 982 3171 extitit
1004 3116 1074 3170 aetas

313 3233 362 3274 urs
377 3215 503 3285 iudicio,
526 3232 593 3275 uam
617 3231 684 3274 cum
707 3214 806 3292 spacio
829 3214 939 3274 Lucina
963 3219 1084 3291 peracto

372 3316 546 3395 Depositura
569 3316 646 3376 iuret
669 3317 776 3375 maturi
799 3315 931 3392 pondera
954 3315 1079 3380 ventris,

371 3419 522 3497 Excepere
545 3418 607 3478 dem
629 3435 756 3496 puerum
779 3417 980 3496 Nymphaeque
1003 3415 1175 3494 frequentes

373 3520 524 3582 Coiiusere
546 3520 598 3580 tibi
622 3529 650 3580 et
672 3537 745 3599 quas
767 3520 934 3596 imposuere
957 3534 1083 3578 coronas

372 3621 541 3684 pontificale
564 3623 654 3683 decus
676 3623 789 3682 iussere
812 3621 984 3699 apicemque
1008 3621 1139 3680 futurum

313 3746 361 3785 nso
371 3725 510 3804 signare,
535 3731 564 3785 et
586 3743 651 3804 quaa
674 3724 731 3784 tata
754 3724 866 3791 iurent,
890 3730 958 3783 nota
982 3741 1046 3784 esse
1068 3720 1218 3783 iubebant.

372 3827 517 3888 Continuo
539 3827 644 3887 studiis
666 3834 697 3885 tu
720 3831 748 3886 te
771 3826 928 3886 committis
950 3831 978 3884 et
999 3832 1078 3885 artes

371 3929 480 3990 'fendis
502 3930 537 3990 ad
561 3932 717 4006 ingenuas,
742 3945 798 3987 nec
821 3925 1063 3986 conversantibus
1085 3944 1211 4004 usquam

372 4031 503 4093 Moribus
525 4031 635 4093 otientii
658 4031 742 4097 sinis:
767 4035 794 4090 et
818 4046 884 4088 cum
908 4030 1036 4106 primum
1060 4035 1124 4088 erat
1144 4035 1231 4098 aetas,

372 4133 466 4195 Omne
489 4133 659 4212 inquirebas
681 4132 783 4209 scripti
806 4147 915 4206 gertus,
930 4129 1017 4190 'iliius
1039 4148 1111 4209 ergo

310 4252 359 4293 urna
374 4237 479 4296 Accisti
502 4236 604 4296 doctos
626 4234 770 4295 submissa
794 4233 892 4293 ironte
915 4234 1086 4308 magistros,

168 4390 369 4397 ..ψ-,-

237 4488 280 4522 ¹¹¹¹
299 4489 437 4541 desiderio
455 4492 513 4540 M.
584 4487 627 4521 ¹¹⁷²
645 4489 756 4538 Patrem
774 4488 903 4539 biberius
923 4505 947 4538 u.
964 4486 1036 4538 1499.
1051 4488 1195 4548 amiserat,
1215 4493 1334 4541 matrem
1354 4492 1372 4541 4
1390 4492 1468 4541 suuis

167 4578 242 4639 post,
262 4576 342 4625 bonis
360 4575 462 4625 litteris
480 4589 548 4640 puer
566 4573 692 4624 clericali
711 4573 799 4623 ordini
818 4574 975 4623 destinatus
993 4573 1116 4624 studiosa
1134 4571 1262 4623 incubuit
1280 4573 1423 4641 fratrique
1441 4579 1468 4625 in

168 4658 462 4710 aocdomioViadriua
480 4660 651 4710 instituendo
668 4658 984 4709 omniconsiliondiuit.
1032 4656 1075 4690 ¹¹¹⁷
1092 4658 1319 4722 Excoeperel.2.
1370 4659 1415 4693 ¹¹¹¹
1431 4659 1468 4710 ot.

167 4757 195 4792 v.
207 4741 266 4793 009.
