3294 5408
1006 188 1013 201 ⁸
1056 204 1066 235 x

557 387 691 423 nvnovsct
706 389 823 424 unntnut
837 389 959 424 vaunnno
973 390 1093 425 nnouvrt.

380 549 484 620 Turpis
505 553 531 602 et
550 548 579 601 in
608 545 740 601 Venerem
757 560 826 616 pens
839 547 1041 617 proiectissima
1061 547 1127 619 plus
1150 565 1233 622 quom

338 649 364 689 n
461 633 516 688 Aut
536 629 665 703 Sybaris,
689 629 784 700 Capua
808 637 857 686 aut
877 629 1063 703 hrtbaporaeo
1087 631 1184 695 Crolor

375 717 524 790 Deformes
540 719 649 770 iuvenes
669 721 694 768 et
714 730 787 769 cona
808 722 917 769 senecta
938 715 1074 772 vocnbant

462 800 714 872 Sardanapalineis
730 799 949 855 solicitudinibus.

378 887 450 955 Quid
468 885 592 956 reseram
615 885 722 939 illicitos
742 890 828 940 coetus
847 891 872 939 et
892 902 955 956 quoe
975 887 1038 957 ipso
1056 885 1185 945 tranabat

341 989 367 1029 ts
436 987 438 991 ’
467 969 502 1025 In
523 977 627 1025 noctem
648 969 758 1040 lonpum
779 970 857 1023 stella
878 969 980 1025 diurno
1002 986 1124 1042 merum,

378 1057 576 1126 Cursoreasque
597 1053 698 1123 dones,
719 1055 881 1109 miserorum
901 1056 1036 1127 sanpuiue
1051 1063 1175 1127 portas?

461 1139 506 1194 Aa
522 1153 581 1192 rem
602 1138 749 1192 damnosos
767 1143 794 1192 et
810 1137 879 1208 sero
900 1139 971 1194 bello
992 1155 1093 1209 canes,

375 1225 481 1283 Caetera
497 1230 653 1295 praetereo:
673 1238 738 1276 num
757 1239 819 1277 cum
842 1223 991 1279 Vestalibus
1013 1227 1080 1296 ipsis

337 1326 363 1366 oo
435 1310 438 1315 ’
463 1309 521 1363 Fas
541 1317 603 1362 erat
623 1309 652 1362 in
673 1321 757 1362 sacro
777 1307 955 1363 concubuisse
973 1309 1060 1366 tboro.

375 1393 502 1459 Italiam,
524 1391 650 1459 ltaliam,
674 1390 785 1446 Italiam
800 1393 887 1464 pleno
905 1408 955 1448 ore
976 1395 1097 1450 salutm

463 1478 688 1535 conservatores:
709 1477 812 1531 scilicet
833 1475 923 1532 Italiae

375 1564 464 1620 Immo
484 1576 639 1628 eversores,
662 1562 803 1632 eroastuta
825 1561 914 1628 dura,
938 1561 1064 1618 Nerones

336 1667 361 1707 st
461 1647 550 1713 Eslis,
572 1653 598 1700 et
617 1647 743 1699 immonis
764 1645 887 1700 barbara
908 1645 1060 1703 barbaries.

374 1733 426 1789 Est
443 1732 537 1788 doctus
555 1730 691 1802 sortisque
712 1730 794 1790 nibil.-
812 1732 839 1785 si
855 1730 996 1801 proditor,
1018 1733 1059 1787 illi

460 1815 582 1871 Praemia
604 1831 705 1886 mapna
727 1817 779 1869 cito
797 1816 960 1884 proditionis
978 1825 1069 1872 eraut.

382 1903 435 1959 Vos
453 1903 573 1971 linquam
594 1900 714 1955 borrelis
735 1899 843 1954 Latiam
862 1915 1006 1973 moresque
1024 1902 1153 1972 Latinos,
1183 1908 1187 1915 '

339 2004 365 2044 vo
421 2022 427 2032 ·
471 1985 568 2041 Vestra
589 1992 689 2040 sonant
710 1989 792 2039 totvm
811 1990 923 2055 putturo
944 1985 1129 2043 Dalmatiam:

375 2072 536 2144 Aequubant
554 2069 649 2125 lumidi
667 2083 697 2124 se
716 2075 742 2124 el
753 2084 819 2140 pree
840 2083 892 2125 suu
911 2076 988 2142 peste
1008 2071 1152 2142 serebant,

462 2155 502 2212 Ob
519 2156 622 2221 scelus,
645 2155 762 2221 inviclr's,
785 2152 890 2208 Martia
912 2154 1016 2222 llomo,
1043 2160 1112 2214 ioris:

376 2241 481 2297 Noctua
501 2241 542 2294 sic
562 2240 700 2311 aquilam,
722 2237 845 2292 timidum
865 2241 906 2294 sic
927 2239 1037 2296 dommo
1056 2243 1160 2301 leonem

336 2345 362 2384 oa
462 2327 611 2392 Provocat,
633 2333 659 2380 et
676 2338 786 2395 parvus
805 2325 846 2378 sic
868 2324 1015 2396 elephanta
1036 2329 1127 2386 rutra.

376 2413 516 2467 Bellorum
537 2425 655 2476 cumas,
679 2425 823 2464 armorum
845 2411 951 2464 semina
973 2411 1045 2467 docti

459 2495 602 2567 Sparpere
623 2502 648 2550 el
669 2495 772 2564 arlrfici
790 2496 871 2565 nrprn
888 2509 993 2550 uenena
1012 2513 1111 2568 manu,

379 2582 412 2638 Ut
432 2583 499 2637 solet
515 2579 655 2634 borribilis
673 2577 799 2650 pandens
817 2584 946 2649 spectare
966 2582 1080 2650 ruinas,

336 2684 361 2723 vv
460 2666 537 2734 Quas
552 2667 637 2737 prius
656 2664 748 2719 Alecto
768 2665 856 2718 uruit
874 2671 935 2719 arto
952 2679 1018 2732 suo,

374 2751 421 2807 Sic
439 2753 484 2808 isli
503 2749 651 2804 armabunt
671 2748 762 2820 neves
779 2748 916 2820 mulloque
937 2764 1052 2819 cruore,

458 2836 576 2901 Nostro,
596 2832 815 2905 triumphabant,
835 2834 861 2887 si
879 2835 1008 2905 tepuisset
1030 2836 1146 2895 bumus:

373 2921 435 2978 Non
455 2923 543 2975 moris
563 2925 613 2975 aul
633 2926 719 2974 terroe
738 2925 783 2972 sat
803 2925 866 2973 erat
883 2917 998 2974 turbare
1015 2924 1144 2993 qur'elem,

322 3023 361 3066 too
463 3007 615 3062 Tentaruut
635 3005 832 3073 interponere
854 3001 924 3057 bello
946 3003 1019 3059 deos.

374 3093 442 3147 Ante
463 3089 659 3161 triumphantis
680 3088 835 3143 Gmrrensr‘a
856 3086 929 3158 sesto
946 3088 1059 3161 Georpi,

459 3175 587 3239 Semina,
606 3172 744 3228 celebrant
764 3179 805 3238 te,
827 3173 873 3242 pie
892 3171 1003 3241 Marce,
1025 3174 1112 3238 diem,-

308 3253 309 3256 ’
372 3259 473 3316 Petrus
496 3266 522 3315 et
545 3258 717 3322 Ambrosius,
742 3258 814 3310 clari
830 3255 886 3312 duo
909 3257 1013 3313 lumina
1034 3263 1110 3328 eceli,
1144 3296 1148 3303 ·
1229 3263 1235 3276 ⁶

323 3360 359 3401 tot
458 3347 482 3399 A
508 3345 614 3399 Venetia
634 3337 757 3414 praviter
778 3342 862 3396 toesus
883 3349 997 3414 roterque
1017 3344 1089 3417 fuit:

371 3428 446 3485 Huic
464 3436 528 3484 sunt
549 3430 642 3485 conati
657 3427 777 3498 trifidum
800 3433 967 3499 extorquere
981 3429 1123 3501 {lupellum

334 3576 340 3582 ,
457 3515 494 3569 Et
513 3512 701 3569 Mediolanum
722 3511 863 3583 dirripere
884 3519 948 3568 ante
970 3515 1078 3570 oculos:

370 3597 450 3656 lilius
471 3601 595 3672 oppressi
615 3599 738 3653 laceram
759 3611 925 3669 enpupnore
941 3601 1082 3667 carinam,

322 3700 357 3740 ros
457 3686 601 3741 Pastorem
623 3682 738 3738 turbare
758 3688 785 3736 et
801 3696 924 3752 pascere
940 3698 1057 3754 promen
1081 3701 1158 3743 oves.-

376 3771 430 3827 Ter
447 3776 546 3843 quater
567 3771 737 3839 omnipotens
765 3766 881 3823 Venetos
902 3767 974 3822 iubet
994 3775 1057 3825 onie
1078 3773 1177 3843 citari,

460 3855 514 3909 Ter
533 3860 631 3927 quater
648 3859 757 3907 actores
778 3867 833 3906 non
850 3854 961 3908 voluere
972 3855 1050 3924 pali,

371 3940 514 4005 Moenus,
541 3937 647 4004 Veneti,
667 3939 692 3991 si
713 3936 850 3990 scandent
868 3938 987 3993 ordinm
1010 3941 1084 4006 coeli,

321 4039 358 4080 tn
459 4023 610 4081 Coelicolum
631 4022 752 4092 inficient
767 4020 957 4093 ampelioosque
975 4022 1089 4080 cboros:

370 4109 515 4166 Ambibunt
534 4121 652 4178 superos
672 4112 697 4159 et
718 4109 800 4160 erunt
819 4106 898 4159 etiam
921 4107 1011 4162 altera
1032 4125 1133 4166 rursus

454 4194 526 4249 Dr'ru
550 4190 687 4246 edtbtnnti
701 4189 804 4261 proeliu
825 4188 958 4260 Luciferi.

235 4391 257 4424 ⁷²
280 4393 457 4460 Pythagorea
476 4395 499 4441 t.
520 4393 538 4440 i.
554 4408 576 4440 e.
591 4389 655 4440 urba
668 4389 777 4453 Magnae
797 4384 914 4440 Graecina
934 4391 1049 4452 Croton,
1075 4395 1103 4444 in
1126 4410 1181 4461 qna
1203 4396 1269 4446 urbo
1288 4393 1462 4460 Pythagoraa
1554 4409 1562 4416 ·

167 4475 271 4527 docuit.
339 4477 362 4510 ²⁴
385 4476 570 4542 Sardanapali
593 4475 765 4540 Assyriorum
790 4471 864 4534 regis
887 4488 989 4526 noman
1011 4479 1041 4528 in
1065 4479 1186 4531 animuin
1209 4479 1342 4531 mollioris
1364 4495 1463 4530 noman

167 4562 285 4612 transiit
339 4561 361 4595 θ’
379 4562 543 4627 Aequobant
562 4564 585 4611 t.
638 4560 661 4592 ⁹⁵
677 4562 826 4616 Allectot·
882 4557 914 4597 ¹⁰⁰
932 4561 1145 4630 interponeret.
1199 4555 1233 4596 '⁰‘
1247 4564 1463 4615 PatrusalAm·
1503 4550 1510 4572 ¹

167 4644 285 4713 brasias]
305 4648 393 4699 Roma
411 4653 438 4697 ot
455 4645 650 4696 Mediolanum.
710 4647 741 4681 ¹⁰⁸
760 4650 917 4698 turbarent:
936 4663 1052 4714 pascere
1071 4649 1095 4699 t.
1152 4646 1185 4682 ¹¹⁰
1204 4652 1313 4699 actores
1331 4645 1400 4715 pati]
1420 4649 1463 4699 in·

168 4730 270 4782 dicium
290 4734 430 4798 accipere.
483 4729 515 4763 ¹¹⁴
535 4731 572 4779 cl.
586 4730 652 4780 Iani.
665 4731 739 4784 XIV.
752 4734 777 4784 ⁶2.
