3294 5408
173 360 243 431 ¹58
268 389 389 424 RWI'EMI
401 388 438 423 An
448 389 731 424 CAESMAXIMILlAMVM
743 390 777 424 VT
790 390 899 423 BELLVM
911 390 939 422 ΙΝ
952 389 1076 422 VMMETOS
1088 389 1203 429 ruossQ.
1212 388 1462 424 EXMOBTATORIVU.

332 572 335 580 ·
370 544 428 613 lte,
451 541 658 620 triumphales,
684 542 730 620 (ita
754 543 886 620 vertitur)
909 544 962 610 ite,
987 544 1124 605 catervae!

455 645 598 705 Maximus
620 643 678 703 boo
700 644 772 703 iuris
795 643 972 704 Aemilianus
994 644 1092 704 babet.

371 745 513 816 Scribite,
537 747 691 813 Germani,
716 747 824 805 victura
848 752 998 823 poemata,
1022 753 1118 812 vates,

320 867 358 908 aas
454 847 490 907 Et
512 847 612 907 decori
635 854 732 906 vestro
755 848 873 908 nomina
897 846 982 924 longa
1006 847 1086 907 date!

368 936 475 1011 lesere
498 949 661 1016 Caesareas,
686 949 819 1027 quisquis
841 956 940 1025 potes,
964 967 1063 1009 assere
1086 947 1201 1008 laudes:

454 1051 574 1111 Materia
597 1049 634 1110 ad
656 1068 796 1110 numeros
818 1050 881 1110 liaeo
904 1052 959 1109 erit
980 1057 1045 1127 apta
1069 1056 1150 1110 tuos:

370 1151 438 1219 llic,
462 1152 540 1229 quotl
556 1159 656 1211 nostra
672 1150 794 1229 probet,
819 1151 896 1229 quod
913 1159 1032 1228 postera
1048 1150 1147 1227 diligat
1169 1159 1254 1222 astae,

318 1274 356 1313 an
452 1252 621 1313 Immortale
643 1252 740 1314 bonus
760 1260 842 1312 texat
863 1253 1004 1314 Erasmus
1027 1271 1117 1330 opus;

370 1355 423 1415 llic
445 1374 477 1415 se
500 1354 620 1431 dignum
644 1353 753 1433 aliquid
776 1353 864 1414 Musis
887 1361 1061 1433 extorqueat
1083 1354 1207 1421 Hessus,

454 1455 599 1517 Buschius
620 1454 669 1516 bic
692 1473 826 1523 carmen,
849 1454 941 1515 libera
964 1454 1028 1532 lege
1052 1455 1171 1520 Gratus:
1206 1462 1209 1466 ’

370 1557 416 1617 Me
439 1574 556 1636 quoque
579 1556 659 1616 ducit
681 1574 763 1616 amor
786 1541 953 1634 praelerque
975 1565 1022 1617 tot
1040 1554 1160 1616 ultimus
1182 1574 1286 1617 omnes

319 1679 357 1719 ne
452 1656 610 1736 lugebunt
631 1675 788 1718 nnmerum
811 1657 1036 1736 qualiacumque
1059 1675 1177 1718 cauam:

369 1759 473 1820 Omnia
495 1758 645 1828 laetentur,
669 1757 837 1836 persolvant
859 1761 957 1819 omnia
979 1758 1112 1819 laudem:

455 1861 515 1921 lam
537 1861 664 1920 Venetos
685 1859 763 1920 bello
786 1860 989 1921 Maxmilianus
1011 1860 1086 1920 adit!

763 2013 855 2057 alula.

370 2254 425 2316 lte,
450 2251 642 2327 triumphales,
668 2249 714 2327 (ita
737 2252 863 2324 vertitur)
886 2253 937 2313 ite,
961 2255 1088 2309 catervae¹
1158 2304 1160 2312 ,

318 2357 356 2398 tro
451 2337 580 2395 Maximus
602 2337 745 2394 hoc'iurrs
768 2337 932 2393 Aemilianus
955 2338 1045 2394 habet.

370 2422 499 2484 scribite,
523 2421 663 2483 Germani,
686 2422 789 2478 victura
812 2431 950 2495 poemata,
974 2431 1061 2482 vates,
1219 2424 1231 2470 l

456 2509 487 2563 ur
509 2506 601 2562 ‹lecori
623 2513 715 2563 nostro
738 2507 847 2562 nomina
871 2505 952 2580 longa
974 2508 1051 2563 date!

369 2593 472 2648 Assere
494 2591 644 2653 Caesareas,
668 2592 793 2665 quisquis
815 2600 908 2665 potes,
932 2609 1023 2647 assere
1046 2591 1152 2647 laudes:
1230 2626 1238 2640 .

318 2694 356 2734 en
451 2677 561 2733 Materia
583 2676 616 2731 ad
639 2693 765 2733 numeros
788 2677 844 2733 inec
866 2677 919 2732 erit
940 2686 1001 2750 apta
1026 2685 1097 2732 tuos.

371 2761 411 2816 Me
434 2769 543 2834 quoque
565 2760 640 2817 (lucit
662 2778 739 2816 amor
762 2769 914 2834 paratorque
938 2769 979 2816 tot
1002 2761 1114 2815 ultimus
1137 2763 1196 2816 illos

453 2845 598 2918 »lugebunt
619 2862 760 2901 numerum
784 2844 981 2920 qualiacunque
1003 2863 1104 2901 canam.

370 2929 464 2985 Omnia
486 2928 629 2991 laetentur,
652 2928 809 3002 persolvant
832 2930 921 2985 omnia
945 2928 1051 2985 lautles:

319 3034 357 3075 ns
452 3016 503 3070 lum
527 3015 644 3070 Venetos
666 3014 738 3070 bello
760 3014 945 3069 Maxmilianus
967 3015 1035 3070 urlit!

604 3133 764 3194 sinceriter,
787 3132 859 3188 Citra
882 3150 1016 3206 pompam.

171 3249 368 3261 ——-0—-

159 3447 162 3453 Ι
234 3381 268 3415 777
285 3381 421 3432 Fabulam
439 3386 536 3431 narret
553 3382 697 3447 Fuggcrus
716 3382 760 3445 (V.
777 3380 816 3432 13.
830 3398 856 3447 p.
870 3380 941 3446 659.)
959 3381 1214 3433 Fridoricum'cum
1233 3399 1265 3433 ex
1284 3386 1368 3434 ostris
1387 3385 1457 3434 didi·

167 3469 253 3518 cieret
270 3466 356 3516 filium
374 3467 429 3517 sibi
447 3472 540 3516 natum
552 3466 641 3517 Fabio
654 3466 769 3533 :Maximo
787 3465 940 3531 Paulloque
959 3469 1066 3517 Aemilio
1085 3467 1233 3531 aliqnando
1251 3469 1369 3518 similem
1388 3470 1457 3530 sore,

167 3549 367 3600 Maxaemiliani
378 3566 478 3600 nomen
491 3550 645 3613 ciqdedisse.
676 3549 871 3600 Maxmilienus
885 3566 960 3616 saepc
972 3553 1054 3601 metri
1073 3567 1158 3602 eausa
1171 3553 1307 3603 scribitur.
1343 3552 1377 3585 ⁷⁶⁷
1390 3554 1414 3602 V
1416 3570 1458 3602 er-

166 3649 213 3684 sus
231 3633 370 3685 767...770.
389 3636 519 3698 leguntur
537 3636 622 3685 etiam
640 3637 669 3686 in
692 3639 864 3685 ‘annenomn
889 3651 939 3686 arv
963 3634 1154 3701 nuzlmentetio
1177 3637 1254 3686 Petri
1277 3636 1405 3703 AEgizldij
1431 3639 1458 3687 in

167 3716 279 3786 albitum
299 3719 480 3771 Maximiliani
500 3718 624 3784 Caelssrie
642 3722 710 3785 Aug.
727 3718 732 3784 Ι
747 3720 784 3768 m
803 3721 832 3768 in
855 3719 927 3770 hane
952 3720 1056 3770 scholia
1075 3720 1171 3771 Iacobi
1189 3721 1302 3786 Spiegel
1319 3724 1322 3786 Ι
1338 3721 1457 3773 Selesta·

167 3800 238 3853 dieii.
255 3802 259 3868 Ι
274 3804 309 3854 47.
322 3819 345 3854 a.
358 3804 377 3854 l.
391 3809 420 3854 et
438 3821 463 3854 u.
478 3806 558 3870 (Aug.
569 3804 648 3855 Vind.
662 3821 706 3869 ap.
718 3803 821 3854 Grimm
840 3808 869 3853 et
881 3804 1020 3870 Wirsung.
1036 3804 1120 3868 1519.)
1135 3805 1182 3855 fol.
1197 3803 1275 3870 ccijl‘.
1323 3805 1356 3837 ⁷⁷²
1374 3807 1457 3855 Eros-

168 3903 226 3938 mus
244 3888 451 3939 Roterodamue.
509 3888 542 3920 ⁷⁷³
560 3889 689 3938 Eobenus
707 3887 825 3948 Hessos,
846 3889 892 3952 qui
910 3889 1038 3937 similiter
1058 3889 1174 3938 ‘Ludite'
1194 3890 1228 3938 ad
1247 3895 1344 3955 poetas
1363 3890 1456 3940 exclu-

167 3975 262 4024 mavit.
280 3973 369 4024 noll.
384 3991 410 4039 p.
428 3972 482 4024 1⁶23.
552 3971 585 4004 777
604 3974 778 4022 Ilermannus
796 3972 931 4021 Busclrius
950 3989 1073 4033 carnion,
1099 3973 1197 4022 Crotus
1216 3975 1359 4022 numanus
1383 3974 1457 4034 (loli.

166 4058 271 4122 Ja’qer)
301 4060 455 4124 prosaicum
486 4058 682 4123 panegyricum
713 4059 740 4106 in
763 4057 883 4108 Caeaaris
913 4056 1009 4107 laudes
1036 4058 1162 4108 scribito.
1231 4058 1265 4089 777
1291 4059 1457 4107 blaximilio·

167 4157 217 4192 nus
237 4147 308 4193 3...5.
