3294 5408
232 86 245 158 1
257 86 304 159 32
323 114 446 154 ΕΠΊἛΙΙ
459 114 495 150 ΑΒ
504 114 570 152 083.
577 113 790 151 ΙΔΧῙΙΙῺῙΔΠΙ
801 114 838 150 V'i'
847 112 958 150 ΒΙῙᾸΝΙ
967 113 996 149 il
1006 112 1133 150 nmo!
1142 112 1261 156 1’10820.
1268 111 1512 154 {XHOHA'PORIOE

431 270 546 333 interea
568 271 676 332 uirtute
697 287 770 361 sm,-
787 269 925 333 miserato
948 275 1084 331 ruentem

382 392 419 435 us
514 372 641 444 italiam,
663 371 785 433 ultrices
807 371 905 451 lanua!
920 374 999 451 cogit
1019 389 1107 451 opes:

431 475 516 537 Saevit
537 493 630 554 eques
649 475 752 543 terris,
775 473 962 554 Tyrrhenum
984 473 1116 554 possidet
1136 491 1238 555 uquor

515 575 612 647 Miles,
636 584 665 637 et
687 578 822 637 instratus
844 576 944 637 classis
967 575 1124 638 obumbrat
1145 594 1253 654 aquas;

431 676 635 740 Succumbuut
657 678 775 748 Veneti,
798 678 935 740 mandata
958 679 1102 758 stipendia
1125 678 1275 758 pendunt:

381 800 418 843 iss
514 781 563 842 Sic
583 780 650 843 iilos
672 783 749 842 riuci
771 780 860 843 ianua
882 799 969 860 posse
991 781 1086 843 docet.

433 881 534 955 Qualis
555 881 608 943 ubi
630 882 780 945 imbellem
801 883 934 963 leporem
957 883 1108 945 domamus
1132 891 1308 944 trementem

518 984 589 1046 Fert
609 984 713 1065 iupus,
737 993 787 1047 aut
807 986 941 1065 paridam
964 986 1002 1047 de
1023 1002 1115 1065 grege
1137 992 1243 1046 tractat
1265 1003 1368 1054 ouem,

433 1087 509 1148 Dum
531 1087 615 1148 sedet
637 1094 666 1149 et
687 1088 814 1167 pedibus
835 1089 966 1166 predam
988 1087 1196 1167 complectitur
1218 1088 1318 1155 uncis,

383 1209 420 1250 rua
516 1190 537 1249 Α
561 1196 646 1267 tergo
669 1188 781 1252 celeres
803 1191 895 1253 audiit
916 1193 960 1252 ire
983 1209 1087 1260 canes,

432 1290 498 1371 ipse
521 1290 596 1369 fugit
618 1293 741 1372 viteque
763 1295 846 1355 timet
867 1293 1057 1377 praedamque
1079 1293 1233 1372 relinquit,

518 1392 612 1463 Quam
634 1393 730 1455 bouus
753 1393 851 1474 elapsu
874 1394 966 1456 salvat
987 1393 1024 1455 ab
1047 1395 1132 1456 hoste
1155 1393 1275 1454 Crotus:

434 1495 512 1556 'i'alis
534 1497 563 1556 iu
586 1495 741 1557 idriacum
765 1504 893 1575 spectata
917 1504 962 1560 est
983 1496 1073 1558 iauua
1096 1496 1226 1557 biurcum

385 1616 422 1658 roe
517 1596 659 1659 Ceuclum
681 1616 696 1658 a
721 1600 812 1676 patria
836 1599 915 1661 terre
937 1598 1044 1678 palude
1066 1599 1182 1678 pectem.

434 1699 485 1761 liis
507 1698 559 1761 tibi
582 1718 649 1761 curu
672 1699 790 1761 Venetis
811 1719 860 1762 res
882 1708 943 1771 est;
967 1701 1030 1761 baec
1052 1703 1146 1779 gentis
1168 1700 1266 1777 urigo,
1369 1746 1374 1753 .

518 1802 588 1864 liaec
610 1803 700 1871 iacta,
723 1802 754 1862 bi
775 1822 889 1871 mures,
914 1803 977 1863 lraec
999 1802 1127 1872 scelera,
1151 1801 1240 1882 bique
1262 1801 1338 1868 doli:

435 1904 483 1965 Sic
505 1922 622 1984 coepere
645 1906 742 1983 prius,
765 1904 872 1967 debinc
893 1924 1067 1974 accrevero:
1090 1903 1227 1984 superbe

387 2023 426 2066 roo
521 2006 590 2067 llaec
611 2007 704 2068 series
725 2005 822 2078 uubis,
847 2008 981 2068 condicio
1003 2008 1110 2086 hicque
1132 2013 1241 2076 status,

434 2107 473 2168 Ut
494 2108 617 2186 pudeat,
641 2126 715 2188 quos
737 2126 790 2169 ora
812 2109 917 2187 Ligus,
941 2127 1016 2189 quos
1037 2109 1128 2170 ianua
1150 2111 1255 2179 vincit,

520 2210 581 2271 iios
603 2216 705 2271 contra
728 2188 825 2271 iuricti
847 2210 972 2272 Gesseris
994 2212 1037 2272 ire
1061 2230 1191 2274 manum.
1256 2278 1259 2285 ,

435 2310 447 2370 i
469 2319 569 2374 mmuu
592 2318 620 2372 et
642 2314 780 2391 quoniam
802 2330 903 2373 rorum
926 2314 990 2374 uec
1011 2313 1128 2374 fortuma
1150 2320 1268 2374 tuarum
1292 2320 1351 2379 est.

386 2432 424 2474 roa
519 2414 577 2474 l'er
599 2414 730 2476 modicas
750 2413 853 2475 laudes
875 2417 1072 2495 exiguumque
1094 2416 1201 2477 decus:

437 2514 558 2577 Rectius
579 2514 658 2577 Eoos
679 2524 816 2597 peterent
837 2524 887 2578 tua
909 2519 992 2595 sigua
1015 2526 1156 2597 tyrannos

520 2618 739 2698 imperiumque
760 2620 835 2680 bsiae
856 2618 1067 2698 Threiciosque
1090 2620 1195 2688 duces:

436 2719 557 2782 Rectius
578 2722 742 2800 Aegyptum
763 2739 950 2800 superasses,
974 2721 1127 2801 pulchrius
1148 2723 1204 2782 iret

385 2840 423 2880 uus
519 2813 580 2884 sub
603 2824 671 2900 iuga
692 2823 824 2893 iudaeus,
848 2821 904 2883 sub
926 2825 993 2901 iuga
1016 2831 1115 2883 nostra
1139 2822 1244 2903 Syrus:

439 2923 524 2985 Nunc
546 2942 613 2986 cum
636 2931 665 2986 te
687 2927 716 2986 iu
731 2927 871 2988 modicos
891 2924 993 2986 titulos
1016 2925 1135 2987 iortuua
1156 2923 1285 3002 releget,

522 3026 600 3087 Laus
622 3035 664 3088 est
687 3046 703 3087 a
726 3028 821 3088 media
844 3045 958 3088 summa
981 3028 1113 3089 adeunda
1137 3024 1197 3092 tibi.

439 3128 573 3199 Scilicet,
597 3136 630 3190 ut
651 3131 735 3209 parvi
757 3128 890 3191 imbelles
912 3130 1014 3190 vicisse
1037 3129 1142 3208 negoci
1164 3135 1224 3197 est,

387 3250 426 3293 212
520 3230 564 3291 'i'u
587 3231 675 3292 modo
698 3230 812 3293 deiectu
835 3234 921 3311 vique
943 3231 1043 3292 iuuare
1065 3238 1133 3300 tua,

439 3330 578 3394 Hostibus
599 3332 745 3412 Euganeis
768 3335 806 3395 ita
829 3331 940 3395 beilum
963 3333 1073 3393 iuterre
1094 3349 1216 3394 necesse
1239 3340 1303 3400 est,

523 3434 567 3496 Ne
589 3436 684 3513 pariat
705 3451 844 3512 maguum
867 3453 956 3514 parra
979 3433 1074 3495 isvilla
1096 3452 1212 3512 rogum.

438 3536 523 3616 Saepe
546 3538 609 3598 buc
632 3536 796 3597 Cesaribus
816 3537 910 3616 posita
932 3538 1012 3599 stetit
1034 3536 1119 3598 obice
1141 3542 1260 3607 coutra,

387 3658 427 3700 aus
523 3637 601 3700 Urbs
621 3637 685 3700 haec
707 3639 834 3699 tortuuis
856 3637 968 3699 obstitit
990 3657 1047 3701 uua
1069 3639 1138 3700 tuis.

239 3791 442 3804 ———-

306 3875 340 3912 ¹⁸⁴
356 3878 416 3929 Iam
434 3892 461 3928 a.
477 3875 551 3928 1200.
570 3876 736 3927 Venetorum
760 3891 821 3928 cum
845 3876 1039 3929 Genususibus
1062 3875 1178 3928 dissidia
1200 3876 1331 3944 belisque
1354 3884 1529 3937 exusserant:

237 3963 284 4015 irio
301 3962 336 4014 tle
353 3963 437 4014 robus
454 3963 504 4013 sub
522 3961 638 4013 ducibus
657 3961 797 4013 Genususi
814 3962 961 4013 Dominico
978 3963 1111 4029 Fregoso,
1129 3961 1236 4013 Veneto
1248 3963 1360 4015 Andrea
1371 3963 1530 4016 Coutarauo

239 4064 265 4100 a.
281 4048 354 4101 1317.
366 4063 425 4114 sqq.
438 4062 524 4113 usque
537 4045 572 4097 ad
582 4061 679 4112 pacem
691 4048 891 4098 Tauriueusem
904 4062 931 4099 o.
941 4045 1014 4099 1³81.
1029 4047 1125 4097 initum
1141 4047 1228 4112 gestia
1239 4062 1329 4099 sermo
1340 4053 1392 4100 est.
1435 4046 1470 4083 ¹⁸⁸
1487 4048 1531 4099 01.

237 4135 302 4186 Tar.
314 4135 403 4185 Maur.
419 4130 568 4185 titurius.
587 4132 741 4194 „Pontibus
759 4134 884 4185 instratis
897 4133 1041 4184 coniunxit
1053 4133 1134 4183 litura
1146 4159 1178 4169 -
1189 4133 1251 4184 -”.
1298 4129 1333 4166 ¹⁸⁴
1345 4132 1448 4184 Orotua
1458 4132 1530 4184 liut-

237 4224 303 4269 teno
314 4217 360 4269 bic
373 4223 416 4269 est
427 4223 543 4270 venetur
554 4216 667 4282 t‘studio
679 4219 835 4270 venationis
848 4219 978 4269 exerceri’
991 4217 1096 4269 solitus'
1109 4217 1211 4284 Hygia.
1222 4221 1296 4285 pust.
1307 4224 1413 4270 ustrou.
1423 4218 1531 4280 ibit),

239 4318 294 4353 uon
311 4317 376 4353 suus
389 4302 436 4354 iiie
450 4305 555 4355 amicus
566 4304 654 4366 Jciper.
675 4301 810 4367 (ntitotui,
830 4303 870 4357 btt
882 4302 1014 4370 uetitum
1033 4304 1150 4367 Miiucio.)
1201 4302 1235 4336 ¹⁰¹
1251 4299 1315 4370 tibi]
1327 4290 1531 4355 Maximillae.

238 4386 274 4419 Μ
296 4388 418 4440 conditio
437 4392 463 4440 3.
531 4386 565 4421 ¹⁰⁶
588 4388 661 4439 Eoos
685 4386 747 4454 tyn]
773 4390 886 4438 Tuucsu.
955 4388 989 4421 ¹⁰⁸
1012 4389 1030 4438 i.
1049 4406 1072 4439 e.
1091 4394 1304 4455 recuperaretur
1325 4392 1403 4440 terr·
1426 4395 1534 4441 sancta.

239 4469 273 4502 ¹¹⁸
291 4470 346 4534 wit
358 4470 583 4537 protectionibus
596 4471 709 4552 [inustio
722 4473 786 4526 bum.
807 4474 884 4524 Hutt.
897 4474 952 4526 voi.
965 4474 1000 4523 ii.
1014 4490 1040 4539 p¹
1053 4473 1094 4525 uu.
1108 4491 1133 4526 v.
1147 4475 1170 4528 7.
1183 4490 1224 4540 sq.
