3294 5408
281 413 405 449 nurum
419 414 449 449 itt
461 414 658 449 BXCBPTIONH
672 415 858 451 HOGVHTIMH
870 417 992 452 nunaunt
1006 417 1210 456 Pannonicus.
1315 391 1389 464 387

248 587 286 629 aaa
300 568 357 628 dut
379 586 513 648 quanam
536 570 641 631 invidia
665 577 710 632 est
732 587 852 633 cursum
876 573 993 634 tardare
1016 573 1138 636 terentis

298 670 331 730 ln
354 689 511 732 commune
534 671 646 734 bonum
668 679 817 735 matarum
841 676 961 754 praernia
983 673 1124 738 lauduml

299 770 360 833 Hac
383 774 520 835 mercede
542 782 600 835 tuae
622 774 698 836 nolis
721 776 887 838 concedere
909 795 1019 847 causae;

296 873 494 936 'defraudata
517 884 614 937 mmen
637 893 745 953 regna,
768 878 935 957 auxilioque
958 887 1087 941 retracto

297 975 412 1036 Deserti
434 994 521 1056 reges
542 985 667 1057 urgente
690 977 792 1048 dolore
814 980 977 1059 superbum

246 1077 513 1158 oasCrudelemque
536 1087 655 1140 vocant:
679 1082 736 1141 iam
760 1081 853 1144 classe
877 1081 1062 1160 perambulat
1084 1083 1173 1146 lreros

296 1179 439 1241 adriacos
460 1180 583 1251 fluctus,
606 1183 664 1242 iam
688 1185 800 1246 Graecia
823 1185 933 1261 gaudet
954 1193 984 1245 et
1006 1204 1115 1265 anceps

296 1282 372 1342 Ante
395 1289 506 1344 metum
528 1283 610 1363 pellit
632 1284 764 1354 Thrace;
789 1293 819 1346 tu
842 1287 971 1347 retrahis
994 1305 1075 1348 arma

297 1385 441 1461 Auspiciis
463 1385 597 1446 ducenda
620 1389 694 1455 tuis;
718 1389 787 1466 quid
810 1388 889 1467 quod
912 1388 1115 1458 benefactum,

297 1484 363 1545 Non
385 1484 481 1547 scelos
503 1504 568 1548 esse
591 1488 694 1549 iubes?
715 1490 792 1551 redit
813 1490 864 1551 ille
886 1490 1053 1569 iniectaque
1076 1489 1181 1569 linquit

245 1603 283 1644 aaa
298 1585 426 1647 Crimine
449 1586 526 1649 bella
549 1595 599 1650 tno
622 1598 806 1669 testaturque
829 1594 926 1653 omnia
949 1593 1013 1653 iura

296 1686 333 1748 Et
354 1688 437 1766 phas
451 1708 539 1752 omne
561 1709 724 1771 omnesque
747 1694 838 1764 deos,
860 1692 1062 1773 pulcherrima
1084 1702 1180 1775 crepta

295 1788 404 1852 Invidia
428 1800 540 1853 cassata
563 1802 629 1856 tua:
652 1803 723 1855 tunc
745 1797 833 1856 tactio
857 1796 946 1856 tristis
1272 1795 1391 1877 lffilg'ffi?

235 1936 242 1945 .
295 1891 430 1972 lmplicat
452 1893 582 1967 ltaliam,
604 1906 703 1958 movet
724 1896 780 1958 hac
802 1916 817 1958 a
843 1907 926 1975 parte
949 1898 1060 1959 tuendo

299 1994 447 2057 Caesareas
469 1996 624 2059 Gibelinus
646 2018 734 2078 opeS,
757 1999 808 2061 sed
831 1999 984 2078 Guelphus
1007 1999 1044 2061 ab
1067 1998 1116 2061 illa

245 2114 283 2156 ata
298 2095 470 2160 Pontificem
493 2101 641 2177 sequitur,
665 2103 760 2162 socias
783 2118 881 2181 pugna
905 2101 1014 2181 excipit
1036 2100 1143 2170 urbes3

296 2196 461 2260 Occursum
484 2199 618 2270 Venetis,
643 2205 760 2264 ‘diceto
783 2201 953 2282 paludibus'
977 2205 1071 2283 inquit
1296 2200 1390 2286 [veneo.

297 2300 467 2379 ‘Euganeas
489 2320 577 2365 ranas
599 2305 836 2384 piscatoremque
859 2302 1004 2366 leonemt'

295 2402 370 2464 llinc
393 2403 522 2466 Umbros
544 2405 718 2484 Tuscosque
740 2409 812 2485 petit
833 2406 1002 2486 subigitque
1024 2405 1193 2468 Ravennam
1234 2388 1239 2397 ’

296 2504 501 2586 Samnitesque
523 2508 638 2578 domat;
661 2508 801 2587 precibus
823 2527 855 2569 se
878 2508 1001 2569 bellicus
1023 2516 1118 2570 armat
1179 2507 1390 2589 mmmm,

245 2623 284 2665 arc
298 2607 463 2671 Adversum
486 2611 605 2672 antistes
628 2611 806 2687 decretaque
830 2629 982 2671 murmura
1005 2609 1122 2690 templis

295 2707 374 2771 llille
395 2711 600 2782 sacerdotum,
623 2711 693 2780 tihi,
717 2710 766 2772 lux
790 2714 952 2781 Germana,
976 2720 1137 2790 precantur

295 2809 465 2874 Excidium:
488 2830 590 2873 rerum
613 2829 677 2873 esse
700 2812 771 2875 deos
794 2813 921 2873 humana
943 2819 1060 2874 tuentes

296 2911 406 2974 Educet
427 2921 557 2975 eventus.
581 2913 640 2980 Tu,
665 2912 775 2984 Flisce,
799 2915 869 2993 quid
881 2913 1096 3011 pciahturbas,
1249 2912 1391 2994 llfsff‘tff‘l'ff·

160 3133 196 3167 ’ω
212 3133 250 3184 Aa
265 3139 290 3186 5.
343 3132 376 3166 ⁰⁶¹
394 3136 500 3201 premia
520 3138 575 3187 1.2.
627 3133 662 3165 ⁸³⁷
680 3132 810 3200 retrahis]
831 3136 868 3185 cf.
883 3135 917 3184 ad
936 3150 962 3185 v.
975 3132 1034 3188 oto.
1052 3133 1214 3186 Fridericua
1233 3151 1258 3186 a.
1273 3134 1346 3186 1228.
1359 3137 1389 3186 in

93 3225 197 3270 terram
214 3225 341 3269 sanctam
360 3219 386 3273 d.
401 3218 440 3270 ll.
452 3220 521 3285 Aug.
537 3218 609 3269 1228.
624 3218 815 3285 proficiscitur.
884 3217 918 3250 ”⁵⁹
936 3216 1019 3284 redit]
1040 3235 1066 3269 a.
1081 3216 1154 3269 tato.
1222 3217 1256 3250 “²
1274 3234 1299 3270 a.
1316 3218 1388 3273 1236.

93 3319 152 3371 sqq.
166 3304 264 3369 „Papa
277 3309 306 3354 et
323 3305 471 3370 imperator
489 3303 690 3368 aliquantulum
708 3303 914 3365 discordabant,
934 3319 998 3354 narn
1010 3319 1085 3369 papa
1097 3302 1261 3353 Lombardia
1273 3304 1389 3357 favente

93 3389 309 3454 imperatoreos
331 3389 473 3454 proposuit
496 3405 669 3455 expugnare;
693 3382 755 3439 nam
773 3388 973 3451 Mediolanum,
996 3388 1146 3451 Vercellis,
1170 3387 1300 3452 Mantua,
1323 3390 1389 3441 Pla-

94 3473 204 3538 centia,
222 3473 397 3535 Paventium,
416 3472 543 3523 Bononia
562 3479 591 3524 et
609 3473 672 3524 alim
692 3473 784 3524 multra
803 3474 934 3525 civitates
952 3474 1126 3525 Lambardioe
1146 3479 1226 3524 erant
1243 3475 1389 3539 oppositae,

92 3557 221 3609 Venetiae
239 3557 392 3608 similiter”.
411 3558 513 3608 Aldcrt.
527 3559 604 3609 Stad.
618 3558 654 3608 ad
674 3574 699 3608 a.
714 3557 787 3609 1237.
840 3556 875 3591 ⁰⁶⁶
893 3560 1025 3610 Lemmata
1041 3574 1120 3626 usque
1138 3559 1175 3608 ad
1190 3576 1212 3609 c.
1227 3561 1285 3610 998.
1298 3575 1347 3610 orn.
1361 3563 1387 3611 3.

93 3657 120 3693 a.
134 3640 209 3695 lata.
227 3643 329 3692 Veneti
353 3657 414 3692 cum
438 3658 512 3710 papa
531 3643 620 3694 loedua
644 3643 765 3693 inierunt
788 3648 887 3695 contra
910 3644 1118 3710 imperatorem,
1144 3644 1189 3708 qui
1208 3643 1388 3695 venetiarum

92 3726 172 3778 dacia
190 3725 276 3777 lilium
293 3728 405 3777 Petram
423 3727 609 3794 Theopolum,
629 3727 879 3779 Mediolanensinm
898 3730 1032 3780 exercitui
1051 3729 1223 3796 prefectum,
1244 3743 1305 3778 cum
1324 3728 1388 3779 aliia

92 3811 231 3862 nobilibus
250 3817 361 3878 captum
379 3815 407 3862 in
425 3812 554 3877 Apuliam
572 3812 726 3863 abduxerat
744 3829 770 3864 a.
785 3799 860 3863 1237.
913 3811 948 3845 ’θ’
965 3815 1034 3881 Eng.
1049 3811 1119 3879 ran]
1139 3813 1177 3864 ci.
1189 3813 1300 3863 Marcus
1319 3814 1388 3863 Hut·

90 3895 161 3947 teni.
225 3894 342 3962 leonem]
361 3897 492 3950 etiami.
556 3896 590 3929 ⁹⁸⁸
608 3897 722 3963 subiitq;
742 3903 768 3948 5.
832 3896 867 3929 ⁹⁷⁰
884 3897 1012 3965 antistes]
1033 3898 1182 3965 Gregorius
1200 3896 1248 3947 lx.
1261 3898 1308 3962 qui
1325 3903 1389 3963 post

91 3979 218 4031 crudelia
236 3981 264 4030 in
282 3979 438 4047 pontificios
457 3997 473 4030 a
493 3980 661 4032 Caesarianis
680 3984 804 4033 exercita
822 3982 954 4044 ludibria,
980 3997 1076 4033 crocea
1099 3983 1128 4032 in
1152 3983 1214 4047 ipaa
1232 3983 1329 4032 craaia
1347 3983 1387 4033 in·

91 4066 175 4127 ciana,
195 4064 404 4127 „cardinalibus
423 4071 451 4115 et
469 4064 543 4116 clero
563 4071 591 4116 et
607 4066 708 4133 populo
726 4068 755 4117 ia
773 4067 977 4133 processionem
995 4056 1121 4117 deductis
1140 4066 1235 4131 capita
1253 4065 1389 4132 apostolo·

90 4165 150 4200 ram
168 4149 292 4215 proetuiit
309 4155 338 4201 ct
355 4167 373 4201 a
385 4151 527 4201 Laterano
545 4150 665 4201 basilica
684 4151 719 4202 ad
737 4152 872 4218 principia
890 4150 1074 4218 apostolorum
1093 4150 1224 4216 templum
1242 4149 1322 4199 nudie
1340 4166 1387 4216 pc·

90 4233 172 4285 dibm
190 4235 331 4301 ingressus
349 4239 482 4301 suggestu
500 4251 651 4286 conscenso
670 4237 738 4287 flens
758 4243 786 4287 et
803 4236 979 4301 lachrymans
997 4241 1054 4286 tum
1071 4235 1195 4286 divorum
1213 4235 1388 4285 intercessio·

90 4335 162 4380 uem,
183 4324 238 4369 turn
256 4319 351 4385 populi
369 4320 403 4371 ad
421 4320 586 4372 seditionem
600 4321 786 4372 commotioris
799 4320 905 4371 auxilia
918 4320 1101 4387 imploravit&
1120 4320 1203 4370 Bzor.
1218 4319 1253 4368 ad
1272 4335 1298 4368 a.
1313 4316 1386 4370 1239.

89 4405 114 4467 5.
127 4419 180 4456 vit.
200 4403 243 4455 ct.
257 4405 416 4470 encyclicas
433 4405 473 4454 ibi
491 4407 648 4471 praemisaaa
666 4406 785 4457 litteras.
833 4403 866 4438 ω
885 4403 1010 4471 eventus]
1030 4402 1386 4457 a.1239.FridericuaMc-

90 4488 232 4540 diolanum
244 4491 451 4555 Bononiamque
463 4490 588 4557 pontifici
601 4491 775 4542 adhaerentes
788 4490 902 4556 devicit,
920 4490 1078 4542 Sardiniam
1096 4488 1253 4554 occupavit,
1272 4487 1386 4537 Romam

90 4589 254 4639 progressus
271 4573 428 4641 pontificios
447 4574 518 4625 alios
536 4577 565 4625 in
584 4575 680 4625 urbem
698 4574 827 4642 reppulit,
848 4574 918 4626 alios
936 4575 1039 4625 occidit
1057 4579 1207 4639 captosque
1225 4571 1325 4622 misere
1338 4572 1386 4622 lia·

90 4657 164 4710 bitoa
183 4658 300 4723 dimisit,
325 4661 401 4710 circa
424 4659 519 4710 arbem
542 4661 635 4710 omnia
659 4661 794 4721 vastavit,
819 4659 919 4710 deinde
938 4659 1025 4725 signis
1050 4658 1079 4707 in
1098 4657 1278 4723 Campaniam
1297 4657 1386 4707 versis

89 4742 282 4796 Beneventum
305 4745 440 4811 direptum
463 4743 588 4796 incendit
611 4749 640 4795 et
662 4745 690 4795 in
709 4745 813 4796 Sicilia
837 4759 923 4810 regno
947 4742 1157 4794 ecclesiasticos
1181 4741 1281 4793 multos
1298 4747 1386 4792 morto

1097 4826 1166 4893 25·
