3294 5408
166 385 239 458 310

352 414 498 451 MBBIMCI
511 413 605 448 num
618 412 785 448 vsusmvu
798 412 991 449 Passssntcvs
1006 415 1025 447 1.
1039 413 1278 450 sssnsnmcou.

313 593 352 634 uso
369 574 502 645 Tempore
521 573 577 628 iam
597 585 635 626 aa
655 572 701 627 illo
720 571 825 644 pollam
849 572 989 626 succincto
1010 571 1120 626 sedebat

302 710 308 725 ,
365 659 530 730 Excepturo
550 671 615 712 suos
634 656 716 728 salia
738 657 862 713 Fortuna
885 657 1008 724 colonos,

368 744 440 813 Quos
458 743 504 798 ubi
524 742 639 797 deiectos
660 742 724 797 vidit
744 745 798 797 iam
819 742 885 797 sede
908 748 1011 797 vetusto

365 829 562 902 infractosque
586 828 666 882 molis
685 826 771 882 medio
788 826 840 881 sibi
856 841 983 899 quaerere
1000 826 1087 897 fluctu

365 915 493 986 Effuqio,
519 912 649 968 arridens
668 927 728 968 sese
748 911 912 967 venientibus
931 912 1015 983 offert

313 1019 352 1060 sss
366 1000 516 1071 Pronaque
531 1000 561 1053 in
583 998 730 1068 amplexus
751 997 872 1068 duplices
893 998 976 1053 simul
992 998 1115 1069 applicat
1135 998 1237 1062 ulmos,-

366 1084 486 1155 Suscipit
504 1090 530 1138 et
550 1084 670 1155 trepidos
684 1084 777 1154 perqit
795 1084 940 1153 complexu
959 1081 1073 1154 fovere.-

367 1169 429 1227 Non
448 1183 528 1224 secus
547 1183 583 1223 ac
603 1169 667 1223 msr‘s
685 1168 770 1223 sabito
785 1182 843 1240 per
860 1169 977 1239 compito
1000 1168 1098 1235 larris,
1158 1188 1165 1201 ·

365 1255 429 1310 Nou
449 1267 531 1309 secus
552 1267 587 1307 oc
606 1255 661 1308 riso
680 1267 809 1324 personae
830 1251 969 1307 horrentis
987 1251 1063 1307 biatu

366 1337 454 1406 Quum
476 1343 569 1393 natum
590 1338 731 1410 trepidare
751 1338 821 1393 videt
842 1343 1009 1408 matremque
1029 1352 1128 1393 uacare
1195 1363 1199 1370 ·

315 1440 353 1481 soo
368 1423 565 1495 Proecipilaate
582 1430 655 1478 metu
674 1424 708 1495 pit
728 1424 825 1478 nutrix
847 1421 923 1477 obolo
944 1429 970 1476 et
989 1423 1063 1477 illum

365 1508 481 1581 Excipit
498 1524 533 1563 oc
548 1508 637 1581 sotum
656 1509 759 1580 qremio
780 1509 835 1563 iam
857 1523 929 1563 oona
951 1509 1045 1562 timere

365 1594 478 1649 Blando
500 1599 570 1649 relat
587 1592 733 1665 sedemque
752 1608 836 1649 nouos
855 1595 984 1648 moserata
1001 1606 1124 1664 pavores

364 1679 502 1751 Absterqit
517 1678 667 1734 lachrimas
688 1680 886 1752 mulcentioquc
906 1679 1001 1733 oscula
1020 1679 1088 1750 fiqit.

365 1765 402 1820 Ae
425 1781 479 1819 non
501 1764 623 1821 admotos
645 1771 709 1819 tuac
728 1766 841 1835 respicit
859 1763 971 1818 Hadria
993 1764 1099 1830 vultus,

316 1865 355 1910 sss
369 1849 434 1906 Nom
455 1848 569 1904 blandos
586 1852 659 1904 irata
681 1851 775 1911 sinus·
797 1851 862 1921 quim
879 1850 976 1920 plorat
992 1853 1018 1903 et
1038 1848 1095 1902 odit

366 1933 507 2006 Infandos
528 1940 564 1989 tot
577 1949 664 2005 possa
688 1937 773 1990 oices:
796 1937 849 1989 iom
871 1931 982 1989 sederet
1003 1934 1058 1988 olto

367 2018 453 2090 Septa
474 2021 549 2074 mari
569 2020 726 2074 miserando
747 2034 846 2075 mantis
865 2021 1029 2091 iuvenesque
1050 2031 1182 2090 senesque

365 2104 510 2162 Consortes
531 2104 616 2173 thori,
636 2105 818 2178 traductoque
829 2107 966 2176 piqnora‚
985 2105 1056 2170 nati,

364 2188 487 2262 Ipsaque
507 2189 645 2257 nobilitas,
665 2193 808 2261 proesaqia
828 2196 904 2245 certa
924 2188 1016 2262 futuri

314 2290 352 2331 oro
366 2274 494 2346 Imperii,
518 2274 646 2331 bortatur
666 2290 794 2348 sparsum
813 2289 869 2347 per
887 2274 991 2330 coemto
1011 2274 1107 2345 vulqus

366 2360 523 2416 damnatas
541 2361 637 2416 totiens
658 2351 788 2416 bellorum
810 2359 919 2415 casibus
935 2359 1018 2436 urbes

367 2445 505 2518 Linquere
526 2452 551 2500 et
568 2444 674 2500 undoso
695 2447 870 2500 circumdare
890 2446 982 2498 limina
999 2449 1084 2515 ponto
1183 2461 1186 2466 ·

365 2529 569 2602 Mansurusque
590 2536 687 2603 optare
703 2529 797 2602 focos,
814 2547 871 2602 pro
893 2530 1022 2585 moeaibus
1042 2529 1118 2584 unda

365 2614 422 2671 Sat
442 2615 553 2687 quobus,
576 2616 692 2671 aduerso
714 2630 829 2688 quaeque
849 2621 932 2670 exeat
952 2615 1028 2670 obuia
1049 2612 1133 2669 bello:

316 2716 355 2758 oro
369 2700 425 2756 Hie
445 2716 580 2756 mansuro
598 2701 707 2768 domus,
727 2700 776 2772 sos
794 2700 840 2756 leia
855 2715 971 2768 servare
990 2698 1123 2767 Penates,

367 2785 495 2843 Cladibus
515 2788 646 2841 innocuos
663 2785 713 2857 sos
734 2786 820 2841 libera
842 2788 905 2841 iuro
926 2787 1005 2839 tueri.

366 2871 475 2927 Extulit
492 2870 536 2926 lois
556 2873 676 2926 animum
697 2871 774 2926 dietis
792 2884 928 2943 qeneroso
949 2872 1072 2925 iuremus

365 2957 564 3030 Consiliumque
582 2955 700 3028 probol:
717 2958 772 3010 iam
792 2959 846 3010 iam
869 2970 945 3010 mens
965 2955 1088 3010 ommibus
1107 2970 1164 3009 una

365 3042 502 3098 lleserere
521 3041 660 3113 infaustos
680 3047 773 3096 terras
792 3043 929 3112 altumque
950 3047 1058 3102 tenere,-

314 3141 352 3183 sso
367 3126 429 3182 lom
450 3133 547 3200 teqcles
566 3127 732 3200 humilesque
752 3141 827 3181 casce
846 3128 956 3198 iamque
977 3127 1033 3181 alla
1050 3126 1173 3198 palustri

364 3212 487 3269 momina
509 3218 679 3284 consurqunt
693 3212 815 3273 eolomo‚·
832 3229 888 3283 pro
908 3211 1030 3266 dulcibus
1052 3214 1127 3266 aruis

364 3296 454 3353 littus
474 3305 500 3353 et
516 3298 593 3353 unda
609 3298 717 3369 placet,
735 3311 846 3370 proque
865 3298 933 3369 ipsis
954 3296 1083 3351 moniam
1099 3297 1154 3352 alta

364 3384 507 3455 Aequora,
527 3384 670 3454 muttiooqo
688 3396 749 3437 sese
771 3384 904 3456 oinqentia
923 3381 1020 3452 pluens

364 3469 416 3523 Br's
436 3474 480 3524 ter
501 3469 572 3524 deno
589 3485 656 3540 ooqo
674 3467 847 3540 distinquitur
867 3468 957 3522 insula
980 3466 1087 3533 Nereo,

313 3567 351 3608 sss
366 3552 444 3621 Quos
465 3569 559 3610 rerum
581 3553 692 3608 Natura
712 3567 818 3624 porcas
837 3553 941 3625 colleqit
961 3554 990 3608 in
1009 3553 1117 3615 arbem·

368 3639 464 3695 Omnia
485 3652 601 3694 cernere
618 3644 679 3693 erat
699 3637 751 3693 bas
770 3640 967 3693 intererescere
988 3639 1075 3707 cultu,

367 3722 490 3795 Quotque
507 3726 566 3780 solo
590 3728 721 3779 steterant
740 3739 867 3789 numero,
891 3730 928 3778 tot
946 3729 1040 3778 castra
1057 3730 1186 3794 putasses

364 3807 483 3881 Disponi
498 3816 523 3865 et
544 3811 627 3865 vastis
645 3809 727 3864 simul
746 3808 848 3880 oppido
865 3822 980 3880 surpere
1001 3811 1114 3880 eampis.

370 3893 440 3950 llrbs
455 3901 517 3949 erat
535 3894 593 3949 reno
613 3900 720 3962 tomen,
745 3894 796 3949 sed
814 3910 869 3966 quo
886 3896 958 3948 stetit
973 3895 1029 3948 alta
1045 3893 1197 3966 prosrordls

313 3988 351 4034 ooo
366 3979 464 4036 Insula
485 3985 563 4052 septo
583 3979 675 4047 uades,
694 3978 759 4034 bime
780 3985 862 4050 oque
881 3977 945 4033 laiac
965 3979 1056 4034 ardua
1077 3983 1160 4052 ripas,

365 4064 423 4120 Bes
441 4064 513 4120 dedit
528 4066 590 4137 ipsa
611 4065 669 4120 loco
690 4079 788 4121 nomem
810 4065 848 4119 m'l
866 4064 977 4120 cedere:
998 4065 1085 4119 lurboe

366 4148 468 4205 Sedulo
489 4150 612 4206 mobilitas
630 4150 744 4223 urbique
765 4152 867 4204 intenta
883 4147 988 4220 suturae

364 4235 515 4292 Hortolrokc
535 4250 649 4307 operum
665 4235 768 4302 stabat,
787 4237 950 4306 pariterque
974 4249 1081 4290 mouere

366 4319 497 4388 Consilio,
521 4329 549 4376 ut
569 4320 657 4375 cullas
677 4323 751 4392 qeali
771 4308 851 4391 utque
873 4321 980 4375 immota
1003 4326 1126 4376 muneret

319 4417 357 4462 sss
371 4405 496 4477 Belliqio,
523 4423 578 4476 quo
593 4412 676 4478 porte
692 4404 803 4477 sorum,
825 4423 880 4477 quo
893 4407 989 4476 prima
1010 4411 1122 4462 senatus

364 4491 471 4547 Limina
493 4497 519 4546 et
539 4491 581 4547 la's
602 4491 705 4546 cultrioc
719 4504 851 4562 superum
873 4497 1051 4562 consurqeret
1071 4508 1134 4548 aro.

364 4576 402 4632 Et
422 4578 476 4632 iam
500 4584 604 4649 tempus
623 4583 697 4644 erat,
721 4592 774 4648 quo
795 4578 887 4631 ooersi
902 4593 1009 4633 cornua
1031 4579 1106 4633 lauri

230 4772 263 4808 ”¹
283 4775 390 4864 coodqre
409 4779 433 4827 t.
486 4771 782 4842 ³”tompus1uemm.
