3294 5408
495 396 617 436 ΠΙΤΤΙΙΙ
632 398 660 434 nt
674 397 804 434 ΤΙΙΡΟΙΔ
816 398 888 435 mn
903 398 1019 435 ΙΔῊΙᾸ.

583 1270 621 1334 lN
645 1268 823 1332 rutarum
844 1269 932 1331 tvtlt

682 1388 836 1452 SATYRA.

315 1546 378 1607 Hoc
400 1563 485 1606 meus
506 1543 554 1606 itia
577 1544 747 1615 hominum,
770 1549 885 1623 partem
908 1542 1011 1603 sortita
1034 1540 1158 1605 deorum

235 1645 240 1659 '
315 1648 352 1709 Et
373 1666 442 1726 pars
464 1649 526 1728 ipsa
549 1647 611 1716 dei,
634 1647 743 1725 patitur
765 1664 797 1707 se
820 1660 924 1706 errore
945 1643 1060 1706 tenerit

315 1750 374 1811 Has
396 1751 456 1811 ruit
477 1751 507 1809 in
529 1746 685 1811 tenebras?
707 1747 782 1809 adeo
804 1748 868 1807 side
890 1745 1000 1808 lumine
1022 1747 1133 1818 fertur,

316 1851 353 1912 Ut
374 1850 487 1913 sceiere
509 1851 564 1912 iste
586 1849 661 1911 latro
684 1848 814 1930 pollutus
835 1847 925 1910 lulius
948 1849 1028 1911 omui
1049 1855 1070 1937 Ἰ

290 1952 371 2015 oCui
394 1952 462 2015 velit
482 1951 618 2015 occludat
639 1950 761 2021 colum,
783 1969 948 2031 rursusque
970 1949 1104 2014 recludat

317 2054 368 2117 Cui
392 2053 473 2124 velit,
497 2062 527 2117 et
548 2056 641 2134 possit
662 2061 813 2116 momento
834 2071 982 2140 quemque
1004 2046 1123 2117 beatum

317 2158 457 2227 Efficere,
480 2164 530 2219 aut
553 2165 671 2226 contra,
695 2163 838 2235 quantum
861 2157 1045 2236 quiscunque
1067 2153 1144 2217 bene
1166 2154 1226 2234 egit
1261 2222 1264 2227 ,

317 2259 353 2321 Et
375 2262 445 2321 vixit
466 2259 558 2331 bene,
581 2262 606 2322 si
627 2258 742 2330 lubeat,
765 2258 924 2320 detrudere
947 2258 1040 2336 possit

317 2362 360 2423 dd
383 2362 498 2442 Stygias
520 2380 622 2442 poenas
644 2369 673 2423 et
687 2362 795 2424 Averni
817 2360 940 2422 Tartara
963 2359 1049 2431 bitis,

281 2484 305 2525 ro
319 2463 370 2534 Et,
394 2463 473 2542 quod
495 2463 667 2526 nonhabet
689 2465 766 2542 ipse,
790 2462 853 2525 aliis
875 2462 1049 2534 divendere,
1073 2459 1198 2524 omum?

317 2567 417 2645 Usque
440 2566 514 2628 adeo
536 2568 632 2628 errori
654 2566 749 2627 divine
772 2564 898 2626 obnoxia
922 2582 1005 2627 mens
1028 2571 1086 2636 est,

318 2667 355 2728 Ut
377 2669 553 2747 piscatorem
575 2686 662 2748 posse
685 2669 783 2729 omnia
806 2675 922 2729 vertere
944 2666 1041 2728 lulum

319 2769 426 2832 &edat
447 2777 477 2831 et
498 2772 586 2831 invito
609 2768 698 2831 coeios
720 2765 888 2848 erpenddre
910 2768 1045 2830 Christo?

318 2872 356 2933 Et
377 2890 457 2932 nuuc
479 2870 527 2934 iiie
552 2890 655 2951 vagum
677 2873 790 2951 spargit
811 2872 955 2951 promissa
979 2890 1033 2951 per
1056 2869 1176 2943 orbem,

282 2995 305 3036 u
321 2975 377 3047 Oui
398 2973 509 3035 caedem
533 2981 562 3035 et
583 2973 674 3035 turias
696 2973 898 3053 scelerataque
920 2980 1015 3035 castra
1037 2980 1198 3054 sequautur

319 3076 357 3138 Sc
380 3077 469 3145 duce,
493 3083 525 3136 ut
546 3076 592 3136 bis
613 3074 719 3137 culum
742 3083 853 3155 pateat:
877 3093 934 3153 qua
957 3075 1060 3137 iraude
1081 3082 1126 3136 tot
1147 3074 1237 3137 urbes

319 3179 353 3240 Et
377 3186 420 3239 tot
441 3178 570 3258 perdidit
591 3175 639 3239 ilie
662 3178 762 3251 duces,
785 3183 829 3238 tot
850 3176 928 3238 milia
951 3177 1039 3239 morti

320 3281 466 3352 Tradidit,
491 3289 520 3343 et
542 3280 626 3361 pulsa
649 3281 761 3341 induxit
783 3278 859 3341 bella
881 3281 959 3341 acria
983 3298 1071 3359 pace.

320 3382 584 3462 Tranquillumque
606 3383 656 3444 diu
678 3381 863 3444 discordibus
885 3381 979 3443 induit
999 3382 1090 3443 ermis

282 3505 307 3546 ao
323 3484 358 3545 Et
379 3484 492 3547 sceiere
514 3484 644 3564 implevit
665 3485 824 3553 mundum,
847 3484 949 3563 fasque
972 3501 1059 3546 omne
1081 3483 1223 3562 nefasque

320 3586 449 3657 Miscuit,
472 3589 562 3665 inque
585 3591 639 3649 isto
663 3594 783 3649 caueret
804 3604 870 3648 cum
893 3585 1014 3648 classica
1036 3593 1133 3656 motu,

321 3689 468 3767 Naufragii
491 3690 598 3769 direpti
620 3690 702 3750 tinxit
724 3690 902 3767 patrimonia
923 3688 1004 3750 Petri
1084 3682 1087 3689 ’

321 3791 441 3853 Vindice
463 3809 495 3853 se
517 3789 595 3852 bedu
618 3808 752 3853 asserere
774 3799 861 3870 atque
884 3789 1019 3853 ulciscier
1041 3791 1141 3852 ermis.

321 3892 445 3974 Quoque
467 3894 564 3955 minus
586 3892 641 3954 sibi
665 3891 754 3953 rerba
777 3893 841 3954 dari
863 3894 929 3972 quis
950 3893 1071 3964 sentiat,
1094 3891 1197 3974 implet
1256 3978 1262 3988 .

282 4016 308 4057 as
322 3996 473 4058 Maiestate
495 3996 592 4065 netas,
615 4003 644 4056 et
665 3993 856 4073 stipatoribus
877 3993 932 4057 illis

118 4182 187 4233 Haec
210 4183 298 4233 satira
322 4199 382 4233 cum
405 4183 548 4249 epitaphio
571 4183 612 4233 ite
635 4188 697 4250 post
719 4183 947 4248 epigrammatum
970 4181 1006 4233 ed
1022 4180 1244 4233 Maximilieuum
1263 4181 1361 4232 librum
1381 4197 1408 4233 e.
1453 4208 1455 4216 ·

120 4266 193 4319 ratu.
207 4269 310 4318 editum
328 4268 403 4332 (Iud.
418 4268 485 4319 bibi.
499 4269 557 4318 XX.
573 4267 613 4332 l.)
637 4273 701 4318 ente
725 4267 864 4318 heroicum
887 4266 921 4317 de
944 4268 1089 4333 piscature
1107 4267 1273 4318 Venetorum
1292 4266 1408 4333 legitur3

118 4353 275 4403 recentiore
294 4352 420 4419 exempla
433 4354 503 4410 (xx,
516 4353 604 4416 2...4.)
617 4358 678 4418 post
692 4353 893 4419 epigrammate
912 4367 945 4401 ex
963 4351 1030 4402 urbe
1043 4352 1127 4402 missa
1139 4353 1253 4402 sutirum
1267 4351 1409 4402 exhibent.

117 4438 205 4489 Exiet
222 4439 307 4488 etiem
326 4438 355 4488 in
368 4437 532 4504 Penquillor.
552 4443 616 4488 tom.
630 4437 665 4487 11.
679 4454 704 4503 p.
718 4435 821 4488 uu...ul.
843 4445 871 4488 et
888 4437 917 4487 in
934 4436 1076 4503 Pasquillo
1095 4433 1408 4502 extetioop.184...lssd.

106 4626 111 4633 ·
186 4591 255 4642 Hoec
280 4607 386 4658 quoqne
411 4592 498 4642 satiro
523 4591 638 4641 Lutberi
663 4592 780 4642 thesium
803 4590 994 4657 publicatione
1018 4566 1158 4656 antiquior
1181 4596 1232 4642 eet.
1268 4590 1410 4657 Cisupre

119 4678 207 4742 epigr.
223 4677 278 4727 145.
293 4693 351 4742 sqq.
410 4675 540 4742 ⁸quequ
555 4681 577 4726 1.
635 4676 983 4741 ⁷i.e.quuntumcumque
1003 4675 1152 4742 quisbene
1172 4677 1271 4742 egerit.
1333 4674 1353 4709 ¹⁸
1372 4676 1409 4727 cf.

118 4763 206 4829 epigr.
221 4762 277 4812 lii.
291 4778 316 4813 v.
330 4761 355 4811 8.
411 4759 431 4793 ¹²
449 4762 486 4812 ei.
501 4764 587 4828 epigr.
605 4761 659 4811 lii.
674 4779 699 4812 v.
715 4762 754 4814 10.
807 4760 987 4812 millium.
1039 4758 1062 4792 '⁴
1080 4761 1167 4812 verbu
1179 4758 1216 4827 d.]
1235 4759 1324 4812 illudi.
