3294 5408
167 365 239 439 ¹4⁰
259 398 382 434 avarus
395 396 432 434 AI)
442 398 726 436 GEs-UAXIHILIANV!
739 400 774 436 VT
784 399 896 436 natura(
906 401 934 435 tn
945 400 1069 437 VENE'I'OS
1081 402 1195 445 nosne.
1203 400 1449 437 EXHORTATOBIW.

367 554 576 632 Chaidaeosque
599 562 628 616 et
650 573 721 634 opes
743 559 822 635 regis
844 558 1013 618 moderetur
1037 556 1169 637 Enythrae

314 677 353 720 sse
448 657 484 717 Et
507 658 619 718 circum
641 657 740 720 Pharii
763 658 847 722 litora
870 659 961 720 rubra
985 661 1073 719 maris

366 759 410 821 dd
432 777 531 820 sacras
554 760 686 821 Iordanis
707 779 815 840 aquas,
837 761 1004 839 Memphitis
1026 761 1062 822 ad
1085 759 1189 832 urbes,

449 861 575 942 Imperio
597 863 717 924 Meroen
733 863 856 925 claudat
877 871 906 923 et
926 863 1074 944 Assyrium

366 964 517 1045 Ingentem
539 963 689 1045 Babylona
711 972 795 1044 regat
816 967 984 1043 Gazamque
1004 973 1169 1045 potentem,

314 1084 352 1126 uo
448 1066 566 1147 Idasque
588 1067 702 1130 omneis
724 1052 843 1130 Venetis
865 1067 975 1129 viribus
997 1067 1084 1129 addat
1106 1086 1192 1147 opes:

366 1169 470 1231 Omnia
492 1188 547 1248 pro
569 1168 700 1240 Venetis,
724 1189 779 1249 pro
802 1178 830 1232 te
852 1171 1008 1232 Germania
1031 1177 1156 1250 pugnet,

450 1270 519 1333 Hae
540 1288 646 1333 manus
667 1272 705 1333 ad
727 1271 835 1334 balium
858 1273 966 1333 suitieit
987 1289 1044 1332 una
1066 1271 1134 1339 tihi:

365 1373 430 1435 Non
453 1391 529 1454 opus
551 1382 595 1436 est
616 1372 681 1434 dari
703 1373 849 1436 ducantur
871 1376 901 1434 iu
923 1392 1005 1435 arma
1027 1374 1173 1443 Britanni,

314 1495 353 1536 roa
449 1474 545 1555 thue
567 1484 663 1537 armet
684 1475 810 1556 poprdos
831 1475 924 1537 GaIlia
947 1493 1052 1556 magna
1075 1494 1158 1544 suos;

365 1577 430 1640 Non
446 1595 521 1656 opus
536 1585 579 1640 est
594 1580 722 1657 equitem
738 1579 857 1641 trahere
872 1580 900 1640 in
916 1585 965 1640 tua
982 1586 1078 1641 castra
1094 1578 1254 1649 Polouum,

449 1680 506 1740 dut
528 1681 558 1740 in
581 1698 666 1759 opem
689 1680 841 1761 Scythicas
864 1681 972 1742 ducere
994 1681 1173 1742 Pannonias:

366 1783 447 1846 adae
470 1781 549 1844 nihil·
565 1782 666 1843 nobis:
689 1783 785 1860 siquid
809 1783 975 1844 Germania
996 1784 1102 1862 priscae

312 1907 351 1949 ros
447 1884 554 1947 Laudis
575 1883 679 1954 habet,
702 1885 797 1964 siquid
821 1885 922 1946 MartIa
944 1884 1029 1946 turba
1053 1891 1162 1962 potest,

365 2092 499 2168 Erythrae
514 2108 571 2166 per
588 2094 662 2166 reaia
682 2109 749 2166 opes
768 2094 953 2168 chaldaeaque
974 2108 1061 2166 reque

448 2179 482 2236 Et
504 2180 605 2237 eIreum
627 2179 717 2235 Pharii
739 2178 833 2237 littora
855 2179 937 2236 rubra
959 2181 1055 2236 marin:

365 2266 434 2322 Iure
455 2272 544 2322 tamea
566 2279 652 2337 saper
672 2264 725 2321 das
745 2264 870 2322 dominus
891 2266 1035 2321 censebere
1056 2272 1161 2333 terras,

313 2369 352 2411 tau
447 2350 620 2424 diripuitque
640 2351 722 2406 urbes
743 2348 827 2406 hostis
847 2359 963 2422 uterque
983 2358 1058 2419 tuas,

365 2438 454 2509 Atque
474 2439 528 2492 erit
548 2434 595 2492 iila
617 2435 688 2497 dies.
712 2441 774 2509 quae
797 2434 831 2508 (si
854 2436 922 2492 hauc
944 2435 1056 2510 colligo)
1074 2451 1167 2509 prope
1189 2446 1245 2501 est.

450 2521 508 2590 Qua
530 2520 578 2578 tibi
598 2528 746 2592 raptarum
767 2536 873 2577 summa
895 2522 992 2577 redidit
1012 2539 1103 2592 opum.

366 2607 460 2665 Omnia
481 2623 541 2663 eum
565 2613 670 2674 meas,
693 2610 852 2664 ramsolas
874 2613 975 2662 cuncta
995 2606 1143 2679 quaereres,
1171 2656 1174 2665 .

315 2706 352 2750 rso
448 2692 513 2749 Gum
536 2690 643 2748 subsint
664 2708 750 2766 regno
774 2700 846 2749 terra
869 2693 1024 2765 fretumque
1047 2700 1108 2754 tuo.

365 2778 486 2852 Cumque
508 2776 575 2833 nihii
597 2793 688 2833 rerum
712 2785 738 2833 ta
761 2780 797 2834 sit
819 2777 961 2834 suldimius
984 2794 1052 2838 uno.

451 2861 520 2931 Quid
542 2862 645 2936 pateris
666 2862 739 2919 eires
762 2871 788 2919 to
810 2861 911 2918 violare
936 2863 1014 2918 tuos?

367 2949 419 3005 Iam
442 2945 577 3022 populosa
602 2955 662 3003 tuas
683 2949 809 3022 sequitur
831 2948 971 3004 Germania
994 2946 1100 3010 laudes,

315 3047 353 3092 uu
449 3033 489 3089 'Iu
512 3031 592 3088 modo
615 3033 689 3104 quod
710 3031 816 3095 iubeas.
840 3033 950 3089 fortiter
972 3031 1017 3087 illa
1039 3041 1125 3106 geret.

364 3119 450 3175 Ardet
470 3132 565 3174 amore
585 3120 624 3174 tui
642 3117 706 3173 dum
724 3124 779 3174 tam
802 3118 951 3176 Germania
969 3134 1092 3190 perquer:
1437 3172 1443 3183 ,

450 3202 512 3263 Haec
533 3220 628 3259 manus
650 3203 682 3260 ad
705 3202 805 3261 bellum
827 3203 928 3261 suifrcit
951 3220 1003 3259 una
1025 3202 1089 3268 tibI;
1394 3229 1452 3280 tna)

366 3287 425 3345 Non
449 3306 519 3363 opus
541 3297 583 3345 est
605 3288 664 3345 davi
687 3289 822 3346 ducantur
844 3291 871 3345 In
893 3305 965 3344 arma
988 3289 1122 3351 Britanni,

317 3390 354 3432 tos
451 3373 583 3448 Quodque
604 3383 691 3431 armet
713 3373 831 3450 populos
854 3373 938 3431 Gallia
959 3390 1056 3447 magna
1078 3392 1158 3439 suos;

366 3458 425 3516 Non
448 3476 519 3533 opus
542 3468 584 3515 est
605 3458 741 3532 Scythicis
761 3461 877 3516 accedat
899 3459 1031 3515 Sarmata
1053 3461 1124 3526 teia,
1393 3472 1452 3524 (um

451 3545 505 3599 Aut
525 3551 571 3599 eat
592 3544 631 3599 ad
650 3548 723 3602 uires
743 3546 887 3602 Pannonis
910 3562 961 3602 ora
984 3550 1055 3599 tuas.
1397 3559 1455 3609 (rosi

369 3628 480 3702 Sufficit
500 3646 557 3685 urea
580 3629 627 3685 tibi
646 3633 727 3686 talem
750 3630 900 3688 Germama
920 3631 949 3685 ia
971 3629 1088 3699 hostem,
1395 3645 1452 3695 (em)

317 3729 353 3770 tra
453 3714 494 3771 Tu
512 3715 582 3771 uruit
601 3714 647 3773 dic
662 3718 764 3789 populi
783 3717 885 3773 uiribus
905 3715 977 3772 adde
997 3717 1044 3770 tui.
1402 3731 1455 3780 uu.)

369 3799 443 3857 Adde
465 3798 532 3855 nihil
555 3798 647 3858 nobis:
671 3801 694 3857 si
717 3802 781 3877 quid
803 3817 850 3858 res
873 3800 1013 3858 Tharrana
1035 3800 1132 3877 priscae
1397 3817 1456 3866 (ror)

452 3885 551 3943 Laudis
573 3885 669 3949 habet.
693 3887 716 3942 si
740 3886 804 3961 qnid
826 3888 921 3943 bellica
946 3885 1024 3943 turha
1047 3894 1154 3962 potest,
1399 3900 1455 3952 (tos)

233 4065 267 4100 ⁸⁹⁸
286 4066 431 4134 0⁸1onqu
450 4072 474 4119 2.
506 4067 687 4135 Celdaeosqne
707 4073 781 4121 3...5.
834 4087 891 4138 reg.
904 4068 1027 4137 Erythra]
1044 4070 1100 4134 „eb
1118 4067 1237 4133 Erythra
1255 4084 1320 4133 rege
1339 4066 1456 4117 inditum

166 4151 449 4221 estnom0n1muri]‚
472 4158 585 4220 propter
606 4155 678 4221 qnod
701 4154 793 4223 ignari
815 4156 915 4207 rubere
939 4171 1026 4221 aquae
1044 4154 1185 4206 eredunt”.
1219 4155 1286 4204 Cart
1300 4150 1455 4207 vitnau.

87 4244 90 4253 '
166 4237 200 4272 Μ
217 4238 544 4307 Pherii=Aegyptiaei
563 4245 593 4291 ut
611 4239 723 4293 ‘Phario
742 4243 859 4308 aequore'
881 4237 1216 4294 Lucan.Phers.1V.257.
1270 4237 1365 4288 littora
1384 4240 1456 4289 3...5.

166 4322 200 4358 θ’
218 4360 270 4388 .....
290 4324 429 4392 placidam
447 4325 573 4376 Iordanis
592 4326 626 4377 ed
645 4326 772 4380 undam'’.
792 4327 880 4378 Sedet.
894 4343 938 4393 op.
951 4324 1046 4392 pasch.
1061 4325 1098 4374 II.
1113 4322 1170 4373 141.
1240 4321 1273 4352 ³⁸⁹
1293 4319 1379 4387 Gaze]
1400 4323 1456 4383 „si-

167 4408 282 4478 gnifieat
300 4410 422 4473 divitius,
441 4411 506 4462 urbs
524 4412 553 4462 in
566 4410 718 4464 Palaestine
782 4413 811 4462 in
830 4428 865 4462 oa
878 4410 1027 4475 Cambyses
1092 4408 1204 4459 diuitias
1223 4422 1286 4457 sues
1306 4403 1456 4456 condidit’'.

167 4495 240 4546 Sere.
255 4494 289 4547 ed
302 4495 369 4546 Aen.
382 4496 404 4546 1.
420 4495 476 4547 119.
489 4497 595 4548 Lucan.
608 4498 660 4549 111.
673 4496 732 4548 216.
777 4495 811 4529 ⁴⁰⁰
823 4496 908 4547 addet
921 4499 993 4548 3...5.
1040 4490 1457 4543 ⁴⁰³Britennoscaeruieosviti·

167 4580 278 4645 desque,
298 4580 347 4631 sed
364 4596 418 4632 non
437 4581 523 4633 flavos
540 4597 583 4632 me
600 4581 696 4649 legere
714 4583 841 4648 memini3
864 4586 894 4631 et
912 4581 946 4631 de
959 4580 1028 4629 meri
1041 4593 1146 4644 quoque
1160 4578 1259 4628 flevum
1273 4591 1334 4625 esso
1346 4573 1457 4641 legitur.

236 4663 268 4696 ¹⁸⁸
287 4664 448 4733 Gelddeequ
467 4670 489 4716 1.
554 4666 587 4700 ¹⁵⁵
605 4669 734 4719 eeniebre
754 4670 778 4719 1.
843 4664 875 4699 ’Μ
893 4665 1060 4731 Dirripuitq3
1079 4667 1102 4713 I.
1168 4656 1349 4726 host.uterq.]
1367 4660 1458 4709 Turcu

169 4751 356 4817 Venetueque.
394 4750 436 4803 Gi.
451 4751 486 4802 ad
503 4755 673 4820 superiorem
692 4768 762 4804 vars.
775 4752 834 4802 221.
849 4751 1020 4802 adnotatum.
1073 4747 1103 4781 ¹⁰¹
1124 4747 1214 4812 Gnnqj
1232 4750 1255 4796 1.
