3294 5408
165 377 239 451 390
342 406 466 444 ΙΝΤΤΕΜ
481 407 510 441 ln
523 405 721 440 excarricant(
734 402 919 441 trouvrtrnlvtir
932 403 1053 439 abarana
1068 402 1291 441 nannenten.

369 562 486 624 Praebet
508 564 539 622 in
562 561 684 622 exitium
707 559 785 638 quod
810 558 911 620 debuit
932 577 997 621 esse
1019 557 1122 621 salutis

368 667 562 742 deteruaeque
585 661 705 740 epulum
729 663 801 721 vitre.
826 661 887 730 dio,
911 659 981 721 ltala
1004 658 1104 731 tellus,

369 767 406 828 Et
427 767 492 835 dic,
515 766 611 826 Tusca
635 765 722 832 fides,
747 781 812 842 quae
834 781 866 823 se
888 765 999 823 maiora
1022 763 1171 825 dederunt

370 869 497 929 Crimina
522 867 637 947 quodve
660 865 789 944 nepbasf
811 865 847 926 lli
870 866 921 944 qui
944 866 1080 926 intestina
1102 868 1270 929 remiscent

305 985 354 1026 roos
369 971 462 1031 Exitio
485 971 562 1030 inter
584 987 631 1038 se,
655 987 706 1029 sua
730 966 858 1046 perdidit
880 967 995 1027 dustria
1018 969 1141 1038 victum,

370 1074 407 1133 m
428 1072 558 1132 Bavarus
581 1071 700 1130 victrice
723 1088 811 1131 manu
834 1077 864 1130 et
885 1068 1067 1130 terrentibus
1089 1072 1180 1131 armis

372 1174 505 1252 Occupat
526 1172 700 1249 imperium
724 1172 806 1232 favor
829 1173 933 1249 ingens
955 1172 1062 1250 excipit
1083 1171 1163 1233 illurn

372 1278 588 1339 Germanorum
613 1273 781 1342 bominum;
805 1272 883 1333 cadit
904 1271 1087 1343 infoeliciter,
1110 1291 1202 1334 ausus

372 1377 544 1438 Pontificem
566 1374 689 1436 turbare
710 1376 785 1435 loco.
818 1376 998 1452 Postquam
1021 1376 1118 1436 omnia
1142 1374 1222 1437 bello
1309 1376 1472 1459 22⁶5*ss

306 1495 356 1536 roro
371 1479 477 1540 'fentm
498 1480 639 1549 loannes,
663 1476 748 1538 italas
771 1494 951 1555 componere
973 1476 1053 1547 lites,

371 1580 536 1641 Romanum
559 1580 688 1640 formare
710 1588 833 1648 statum,
857 1579 1075 1658 concordiaque
1097 1597 1179 1642 arma

373 1681 478 1743 Excice
501 1683 531 1742 in
553 1683 681 1750 'furcas3
705 1699 808 1742 verum
830 1680 900 1741 ltala
924 1681 1001 1742 furta
1023 1698 1148 1760 perosus

375 1785 575 1862 Mutatamque
597 1784 685 1844 fidem
707 1783 795 1844 toties
818 1782 995 1860 fraudesque
1018 1781 1161 1861 dolosque

376 1886 412 1948 Et
434 1888 530 1963 gentis
553 1886 698 1948 levitatem
721 1887 988 1964 inconstanteisque
1011 1885 1126 1947 favores

311 2003 360 2044 ¹⁰1⁵
374 1989 477 2051 Restat
498 1987 535 2049 ab
560 1990 689 2065 inceptu.
729 1987 786 2056 Te,
810 1987 930 2055 Carole,
953 1986 1046 2048 Roma
1070 1996 1210 2057 coronat;

378 2092 456 2153 lutra
479 2089 571 2151 urbes
594 2097 671 2150 vetat
693 2107 757 2150 esse
780 2106 849 2149 suas
870 2089 1048 2168 mandatque
1069 2088 1219 2166 superbus

378 2193 467 2253 Exire
489 2191 569 2253 ltalia
592 2190 729 2253 simulato
751 2192 871 2252 antistes
894 2192 1003 2251 amico:

379 2293 442 2355 Hoc
464 2295 525 2356 fers
547 2293 757 2374 Romanusque
781 2295 857 2372 petis
879 2299 1020 2371 regnator
1042 2291 1161 2363 baberi,

1349 864 1454 900 warns

1348 909 1435 943 Ιατιτιι

1349 950 1452 985 mem

1347 994 1427 1029 m

1433 992 1472 1028 du

242 2614 286 2648 ¹⁰⁰³
303 2617 415 2667 Tbusca
435 2621 523 2667 3.5.6.
588 2617 669 2666 nefas
688 2619 779 2666 aad.
846 2613 889 2649 ¹⁰⁰⁸
906 2618 966 2666 Hoc
988 2623 1013 2666 et
1036 2632 1144 2682 sequena
1166 2621 1256 2669 lema
1272 2635 1326 2672 our.
1342 2624 1369 2672 3.
1438 2622 1472 2672 lli

174 2697 233 2767 qui]
258 2702 276 2750 i.
296 2717 320 2751 e.
339 2703 415 2752 Ecce
439 2702 528 2753 denuo
547 2702 681 2751 intestina
700 2701 733 2750 da
753 2716 839 2766 regno
858 2701 1015 2752 Germanice
1034 2700 1110 2752 bella
1131 2700 1218 2764 (iuter
1235 2703 1332 2756 dictos
1350 2705 1388 2756 aa
1406 2722 1471 2757 mar·

175 2785 268 2849 ginem
285 2786 453 2852 principaa):
472 2788 593 2838 vincitur
611 2787 770 2836 Fridericus
790 2802 814 2835 a.
831 2785 904 2837 1322.
919 2792 948 2835 et
966 2802 991 2835 a.
1008 2784 1081 2837 1325.
1099 2785 1192 2836 socius
1210 2788 1294 2853 regni
1314 2790 1472 2858 adsumptus

175 2871 289 2920 moritur
305 2873 334 2920 in
352 2887 416 2923 arce
432 2870 589 2922 bottenstein
606 2871 681 2922 lento
695 2872 789 2922 morbo
803 2876 850 2921 ant
863 2876 893 2920 ut
910 2872 959 2921 alii
977 2871 1205 2937 suspicabantur,
1223 2888 1338 2926 veneno
1350 2891 1471 2928 eamn·

173 2960 237 3020 ptus
249 2955 276 3005 d.
292 2955 331 3008 13.
343 2958 402 3008 Ian.
412 2972 437 3006 a.
449 2955 522 3008 1330.
538 2957 581 3007 cf.
594 2957 648 3008 vol.
660 2958 691 3006 V.
706 2973 732 3022 p.
743 2956 801 3008 377.
813 2973 853 3021 sq.
894 2957 1016 3022 perdidit
1027 2972 1079 3006 sua
1091 2953 1213 3023 dustria]
1229 2957 1263 3008 In
1274 2972 1376 3027 pagna
1387 2961 1473 3013 nunt

176 3041 299 3091 doriensi
317 3041 362 3091 dia
380 3041 424 3091 28.
438 3041 513 3107 Sept.
529 3058 554 3091 a.
568 3040 640 3091 lata.
655 3044 802 3092 commissa
820 3042 1029 3092 Fridericianns
1053 3043 1191 3093 exercitus
1215 3042 1252 3093 ab
1269 3042 1405 3098 hostibus
1422 3048 1473 3099 An·

176 3127 280 3176 striaca
296 3127 377 3191 signa
394 3126 607 3192 praeferentibus
625 3127 758 3178 falsorum
777 3125 937 3176 vexillorum
956 3127 1050 3191 specie
1070 3126 1202 3192 deceptus
1221 3142 1316 3180 creans
1335 3135 1381 3181 est
1399 3131 1474 3200 fugn-

176 3215 282 3276 tnsque.
320 3212 389 3262 Haec
409 3211 506 3262 eadem
524 3226 618 3277 pugna
631 3217 680 3261 eat
698 3219 760 3276 post
779 3227 860 3277 quam
880 3212 1037 3262 liudovicus
1057 3211 1152 3261 Caesar
1169 3225 1224 3262 nno
1243 3213 1307 3279 ipse
1327 3221 1473 3268 contentu

178 3310 228 3345 ovo
247 3294 300 3345 duo
324 3297 389 3346 forti
408 3296 675 3362 Schweppermanno
699 3297 853 3362 porrexisse
879 3305 1015 3346 narratur.
1082 3294 1126 3329 ¹⁰⁰⁰
1143 3294 1229 3362 cadit]
1253 3313 1329 3364 equo
1351 3301 1474 3354 matum

177 3380 326 3446 apoplexia
348 3381 407 3431 sive
432 3381 581 3432 secundum
606 3382 721 3432 aliorum
744 3383 925 3447 suspitionem
949 3396 1058 3431 veneno
1080 3381 1262 3447 interemptus
1286 3398 1314 3434 a.
1337 3383 1415 3438 test.
1432 3386 1473 3439 (ll.

176 3464 230 3514 vol.
244 3465 276 3514 V.
291 3464 308 3514 l.
324 3481 347 3515 c.
402 3465 445 3498 ¹⁰⁰⁰
464 3463 632 3533 pontificem]
653 3467 784 3516 Ioannem
804 3468 892 3517 XXII.
907 3467 950 3518 Cf.
964 3465 1018 3517 vol.
1032 3466 1064 3516 V.
1078 3465 1095 3516 l.
1110 3483 1133 3516 c.
1197 3466 1342 3521 Iohannes
1360 3471 1474 3525 Hsnrid

177 3549 239 3600 VII.
254 3566 287 3600 ex
299 3551 477 3617 Margaretba
490 3551 662 3602 Brabantica
679 3549 764 3612 filius,
783 3552 878 3613 ducta,
892 3557 922 3601 ut
935 3552 1068 3611 diximus,
1081 3549 1249 3601 Elisabetbs
1260 3552 1412 3608 Bobenia
1429 3572 1474 3610 rex

178 3637 271 3689 factus
289 3652 306 3686 a
324 3642 440 3702 parente
453 3636 566 3687 Italiam
584 3637 705 3701 petitura
723 3637 846 3686 vicarius
864 3637 973 3702 imperii
992 3635 1105 3686 relictus
1117 3636 1145 3685 in
1157 3650 1257 3702 pugnae
1270 3636 1475 3695 Milbldorfenri

178 3736 195 3770 a
212 3721 338 3786 partibus
355 3722 501 3772 Bavaricis
519 3722 675 3772 dimicando
694 3722 838 3772 Lusatiam
862 3722 1031 3787 superiorem
1054 3720 1107 3770 sibi
1132 3721 1168 3770 ab
1186 3721 1360 3787 imperatore
1378 3729 1476 3779 meruit

178 3807 306 3870 ipsosque
328 3806 478 3870 Bobernos,
503 3823 615 3873 quorum
639 3821 753 3872 regnum
777 3823 838 3857 cum
861 3806 1023 3856 Palatinetu
1047 3806 1147 3871 patriis
1164 3805 1476 3878 Lucilimbnrgensibna

177 3892 259 3941 terrie
276 3891 412 3942 viciniore
430 3898 586 3957 permutare
606 3891 750 3953 studebat,
775 3892 828 3941 sibi
851 3891 976 3941 infensos
1000 3889 1134 3953 reddidit,
1158 3891 1259 3955 quibus
1282 3897 1476 3948 reconcilietis

177 3975 307 4026 Sileaiam
326 3977 380 4026 sibi
400 3978 576 4041 conparavit,
601 3991 663 4026 cum
681 3976 782 4026 Galliae
801 3993 867 4042 rege
886 3979 916 4026 in
934 3975 1082 4036 Flandria,
1109 3990 1170 4025 cum
1188 3975 1360 4030 Teutonicis
1380 3982 1475 4047 equiti·

179 4061 228 4111 bns
247 4067 344 4112 contra
362 4062 529 4112 Litthuanos
548 4077 625 4111 arma
643 4063 736 4112 movit.
767 4062 846 4112 Anno
867 4059 940 4112 1330.
954 4061 989 4110 ab
1009 4061 1174 4126 imperatore
1192 4061 1321 4114 vicarius
1339 4069 1422 4133 regni
1440 4068 1477 4118 fa-

179 4153 240 4198 etus
258 4147 288 4195 in
305 4146 474 4196 Lombardia
492 4146 614 4197 feliciter
632 4152 751 4212 pugnat,
776 4147 825 4197 sed
848 4145 998 4212 pontificiis
1022 4145 1172 4196 inlecebris
1196 4147 1333 4200 inretitus
1356 4152 1476 4217 prodito·

177 4233 218 4282 rie
238 4232 345 4296 agendo
364 4237 507 4296 utramque
532 4236 640 4296 partem
665 4235 761 4281 contra
784 4232 977 4282 coexcitavit.
1008 4229 1231 4282 a.1333.itarnm
1250 4235 1475 4299 expeditionem

176 4316 301 4377 Italiam,
322 4317 371 4366 sed
390 4316 496 4366 infelici
516 4318 600 4379 exitu,
620 4322 750 4382 suscepta
768 4333 829 4367 cum
847 4315 960 4366 Palania
978 4316 1181 4381 Hangarisque,
1201 4330 1269 4382 quos
1287 4318 1408 4372 Tartari
1424 4327 1476 4373 tu

178 4402 366 4463 infestabant,
386 4401 502 4450 dissidia
522 4401 686 4464 exercebat,
711 4402 828 4467 denique
847 4402 907 4467 ipse
926 4400 1050 4451 levitatis
1069 4401 1323 4467 inconstantiaque
1344 4421 1475 4458 mensen-

178 4488 242 4549 dna,
267 4488 296 4536 in
315 4501 409 4552 pugna
427 4484 619 4536 Cressiacensi
637 4487 661 4536 d.
676 4485 717 4536 26.
730 4487 799 4552 Aug.
815 4502 839 4539 a.
855 4484 928 4537 1346.
948 4486 1040 4536 luscus
1065 4489 1130 4534 ante
1149 4500 1236 4536 annos
1257 4485 1298 4545 18,
1320 4505 1415 4543 cuens
1433 4506 1476 4543 sn·

178 4576 234 4622 tem
258 4577 323 4622 ante
347 4570 470 4621 bannos
489 4571 582 4621 factus
605 4572 698 4637 periit.
735 4570 814 4633 Quod
833 4569 966 4621 Gnelficae
985 4572 1059 4635 parti
1078 4569 1191 4621 multum
1214 4572 1328 4637 nocuit,
1353 4576 1475 4628 flattena

180 4672 265 4706 carisa
284 4657 370 4707 fuisse
388 4655 506 4717 videtur,
525 4661 554 4705 ut
572 4658 642 4722 regi,
662 4671 741 4722 quern
760 4672 814 4706 non
832 4656 961 4705 inmerito
981 4656 1068 4721 equiti
1085 4655 1252 4721 vagabundo
1271 4656 1325 4708 alii
1345 4676 1475 4727 conpara·

179 4746 250 4802 runt,
265 4740 583 4791 baalaudestribueret.
621 4740 664 4774 ¹⁰¹⁰
675 4741 798 4805 incoepto
810 4743 868 4791 edd.
879 4746 981 4805 practer
994 4742 1020 4791 3.
1051 4738 1141 4773 ¹⁰¹⁰··¹⁰
1154 4739 1191 4790 cf.
1204 4739 1261 4791 vol.
1274 4741 1309 4792 V.
1322 4758 1351 4810 p.
1365 4744 1474 4812 mma
