3294 5408
184 388 315 455 ”fun
325 416 362 455 ΑΒ
369 416 656 455 namurcum
669 417 704 453 VT
714 417 825 452 ntum
835 417 864 452 iii
875 417 1000 452 nistros
1011 406 1380 460 ῥΒΟΒΙΜΧΙΟΙΤΔῘΟΙΝΙι
1406 387 1474 460 137

389 575 433 636 Ad
455 575 543 644 dues,
566 573 716 642 Americs,
740 579 807 632 tues
829 589 944 651 queque
967 572 1077 634 arduus
1098 572 1178 635 dilus

337 696 376 740 su
469 675 534 737 tin
555 676 704 757 pruinosis
725 675 830 755 sydera
852 674 910 736 fert
929 675 1076 746 humeris,

389 780 537 853 Quantum
560 786 605 840 cst
625 796 642 839 e
664 775 767 857 gelidis
789 784 901 856 septem
923 779 1047 857 regione
1068 778 1199 840 trionum

471 879 610 943 Partibus
631 879 666 941 sd
690 878 788 959 pluvio
810 896 902 957 reque
924 878 1045 941 subacta
1067 879 1159 952 Noto,

389 984 563 1064 Quanquam
577 984 617 1044 its
632 998 691 1043 unu
708 980 832 1051 habeas,
855 989 948 1042 totum
962 988 993 1044 te
1008 990 1121 1061 spectet
1135 983 1172 1056 ed
1187 1002 1294 1054 unum;

337 1105 376 1148 see
470 1084 615 1163 Quicquid
637 1086 713 1146 inest
733 1085 824 1146 terris
845 1083 901 1145 sub
922 1091 972 1146 tue
994 1091 1111 1165 sceptra
1133 1087 1219 1150 cedit

389 1187 492 1250 Omnis
514 1204 583 1248 cum
603 1192 654 1247 tue
676 1187 734 1248 sint
756 1193 839 1247 etse
861 1158 914 1247 ud
935 1186 1041 1248 debeat
1063 1187 1158 1259 orbis,

472 1289 545 1353 Cum
567 1288 682 1350 subsint
703 1305 796 1367 regno
818 1294 897 1349 terre
920 1289 1088 1369 fretumque
1109 1296 1177 1363 tue,

389 1392 520 1474 Cumque
541 1389 614 1452 nibil
634 1409 738 1453 rerum
758 1397 788 1452 te
809 1390 847 1450 sit
867 1388 1021 1452 sublimius
1042 1409 1117 1462 unc,

337 1517 376 1560 sse
469 1494 547 1569 Quid
568 1495 679 1572 peteris
700 1493 776 1555 eires
799 1499 827 1555 ts
850 1491 959 1554 viciare
979 1495 1065 1554 tussi

387 1599 448 1660 lem
469 1595 614 1678 populosa
636 1603 716 1658 tuem
738 1595 872 1673 sequitur
895 1595 1052 1658 Germanis
1075 1595 1206 1668 leudem,

472 1699 518 1762 Tu
539 1698 627 1761 mede
650 1696 718 1778 quid
742 1695 858 1768 iubeas,
881 1697 996 1759 icrtiter
1018 1697 1065 1760 iile
1087 1706 1187 1778 geren

387 1803 452 1865 Non
475 1810 543 1880 eget
564 1800 729 1870 admonitu,
753 1802 836 1879 cupit
857 1801 902 1860 ire
923 1819 959 1861 se
980 1807 1085 1879 sponte
1106 1799 1224 1864 isboset

336 1925 375 1968 see
411 1928 417 1945 t
468 1903 577 1968 Ulcisci
599 1909 629 1964 et
649 1901 753 1964 leudes
775 1900 964 1963 accumulare
987 1910 1068 1964 tues:

387 2008 480 2070 Sentit
501 2008 579 2069 enim
601 2005 726 2068 Venetus
747 2004 814 2084 pius
836 2021 924 2082 quem
946 2004 1032 2067 decet
1052 2022 1118 2068 esse
1138 2005 1300 2087 superbos,

448 2109 512 2200 ''l'e
534 2107 600 2188 pius
622 2107 796 2170 clementem
820 2126 908 2187 quem
930 2093 1025 2169 decor
1042 2111 1096 2171 istc
1118 2107 1202 2170 ieret.

387 2211 495 2274 Verum
516 2218 575 2281 est,
597 2207 677 2271 nulia
700 2209 779 2271 seius
801 2207 879 2270 belle
902 2216 960 2280 est,
983 2210 1107 2290 peeiquc
1128 2211 1321 2285 studendum,

335 2335 375 2377 ese
468 2313 597 2374 Eventus
619 2311 699 2373 dubii
721 2330 858 2392 caeeuque
881 2312 946 2373 dive
968 2321 1105 2375 monent:

386 2414 526 2478 Hostibus
548 2414 611 2475 bees
633 2415 789 2476 metuende
810 2416 884 2485 tuis,
908 2416 932 2477 si
954 2415 1075 2477 numine
1098 2413 1172 2477 cmle

470 2519 559 2588 Sunt,
582 2516 690 2597 quibus
711 2516 768 2577 hcc
791 2516 900 2577 beilum
923 2518 1048 2597 suscipis
1070 2515 1247 2596 auspicibus.

387 2620 479 2683 Ceuss
501 2620 578 2681 bone
601 2628 659 2681 est:
682 2621 806 2697 sumptis
828 2620 987 2681 admissum
1010 2618 1160 2681 ulcisceris
1181 2622 1272 2683 ermis

335 2744 373 2786 su
467 2723 615 2789 Dedecus,
640 2721 671 2781 bi
692 2719 768 2780 laesis
790 2729 817 2781 te
841 2723 953 2801 petiere
976 2722 1053 2790 deis;

386 2827 489 2903 deguit
509 2825 565 2886 ires
586 2822 732 2885 scelerum
755 2822 905 2894 cumulus,
929 2830 977 2884 tue
1001 2842 1089 2885 seusu
1113 2824 1237 2888 deorum
1260 2835 1319 2899 est,

470 2927 531 2989 Nec
552 2926 645 3004 magis
666 2926 729 2986 baec
753 2933 853 2988 nostre
876 2933 920 2988 est
941 2926 1013 2987 ultio
1036 2945 1124 3005 quem
1146 2946 1297 3009 superum.

386 3031 458 3103 Ques
479 3029 581 3090 morai
603 3027 770 3089 ducentium
794 3036 838 3088 est
860 3027 979 3090 dilatum
1002 3035 1137 3108 tempore
1160 3029 1284 3101 beilum;

335 3152 373 3196 see
468 3131 523 3194 Hic
545 3139 574 3192 te
597 3129 770 3192 clementem
793 3132 936 3192 terminus
958 3149 1023 3194 esse
1046 3138 1131 3192 vetet

385 3232 475 3296 ludius
498 3234 543 3295 bis
564 3233 770 3313 pecem'dedit
792 3238 821 3293 et
841 3234 920 3293 socie
943 3234 1059 3312 agmine
1080 3235 1175 3296 iunxit

470 3335 506 3397 Et
527 3341 576 3397 tue
599 3334 742 3397 subducta
764 3341 848 3413 pecte
870 3333 972 3396 ieieliit
994 3354 1061 3415 epe.

384 3561 424 3619 dd
446 3560 527 3624 fines,
549 3560 683 3623 Ameriee,
709 3569 787 3624 tuos,
809 3576 916 3635 queque
937 3560 1037 3618 arduus
1059 3558 1135 3618 Atlas

336 3664 373 3705 rm
467 3644 636 3704 Suesseuese
655 3646 777 3703 humens
801 3647 900 3702 dicitur
919 3655 997 3702 astra
1018 3649 1090 3712 surb,

384 3730 519 3800 Quantum
541 3739 585 3788 est
606 3749 621 3788 e
642 3731 740 3806 gelidis
761 3739 867 3806 septem
888 3732 1001 3807 regione
1024 3732 1144 3790 trionum

470 3815 602 3874 Gentibus
624 3816 656 3873 ed
679 3816 772 3892 piuvic
795 3834 879 3891 regna
897 3824 1013 3890 peruste
1035 3817 1120 3882 Noto,

386 3902 494 3968 Totum,
517 3902 626 3965 Cesar,
649 3902 752 3971 babes,
775 3909 864 3959 tetum
888 3912 912 3960 te
935 3912 1040 3978 spectat
1061 3904 1095 3961 ad
1116 3920 1215 3968 unum,

333 4005 369 4046 res
465 3986 597 4062 Quicquid
620 3986 692 4045 inest
715 3988 810 4050 terris,
834 3995 863 4044 tu
884 3995 968 4060 caput
988 4004 1060 4044 unus
1081 3989 1181 4053 babes,
1413 4004 1469 4058 (sest

245 4187 281 4224 ⁸¹⁸
297 4184 437 4254 Americu]
454 4203 531 4254 poeen
548 4189 648 4239 tertius.
694 4184 728 4220 ”⁴
745 4187 839 4239 sidere
852 4191 925 4239 3...5.
971 4186 1005 4219 ³²⁵
1023 4193 1095 4255 sept.
1106 4205 1127 4240 r.
1140 4193 1173 4240 tr.
1187 4193 1281 4254 tmesis,
1294 4176 1330 4242 db
1342 4204 1397 4256 qus
1409 4193 1469 4240 erte

175 4275 275 4328 venii.
287 4290 314 4327 v.
325 4274 385 4326 412
452 4271 485 4306 ⁸⁸⁸
504 4272 608 4338 „Nulla
630 4274 707 4325 euius
725 4272 807 4333 bello,
825 4287 923 4337 pacem
942 4275 970 4323 te
988 4275 1127 4341 poscimus
1145 4277 1265 4325 emnes”.
1307 4275 1386 4339 Vero.
1399 4272 1467 4324 Aere

174 4361 226 4413 XI.
240 4358 300 4412 362.
368 4356 403 4391 ⁸⁴⁴
420 4358 485 4412 leiis
501 4361 527 4409 2.
597 4355 632 4391 ⁸⁴⁸
650 4356 1021 4411 cf.Lucan.Phurs.1.128.
1091 4356 1123 4390 ³⁶⁰
1140 4358 1227 4410 Iulius
1238 4360 1292 4410 ΡΡ.
1306 4359 1353 4421 Π.,
1372 4359 1468 4425 Ligur,

174 4450 275 4514 sprets
291 4445 349 4512 lige
361 4443 558 4496 Cameracensi
574 4449 606 4495 ut
617 4459 643 4495 s.
658 4441 732 4494 1509.
750 4441 942 4494 Maximilieno
954 4443 1099 4494 Venetiam
1118 4458 1274 4509 expugnare
1292 4443 1397 4495 volenti
1414 4459 1469 4496 neu

177 4530 335 4593 consensit,
354 4531 396 4581 its
414 4545 440 4582 ι.
453 4529 580 4594 sequenti
596 4529 750 4595 Augustam
761 4527 968 4579 vindelicorum
985 4527 1107 4594 legatum
1125 4542 1202 4579 suum
1220 4529 1303 4592 misit,
1322 4533 1353 4580 ut
1369 4529 1395 4579 is
1412 4528 1468 4580 ele·

174 4624 269 4669 oteres
280 4616 475 4683 principesque
488 4614 523 4665 ed
534 4629 599 4666 sues
611 4619 705 4681 partes
722 4613 854 4674 traheret,
873 4629 925 4679 quo
945 4613 1047 4664 iactum
1065 4615 1108 4663 est
1125 4617 1155 4663 ut
1172 4613 1247 4678 prius
1266 4613 1299 4665 de
1317 4629 1388 4681 paee
1407 4628 1468 4665 cum

173 4700 293 4754 Venetis
311 4699 431 4753 ineunda
449 4716 530 4767 quem
548 4701 583 4751 de
600 4698 723 4752 ferendis
740 4698 902 4766 imperatori
920 4698 1031 4749 auxiliis
1048 4697 1237 4749 decernerent.

247 4783 281 4819 ¹¹·
301 4784 431 4838 ‘Atlantis
448 4786 518 4849 duri,
537 4785 635 4837 cisium
653 4784 701 4852 qui
718 4784 824 4837 vertice
843 4784 941 4836 inicit)
963 4785 1041 4852 Verp.
1054 4784 1123 4835 Aen.
1135 4783 1183 4835 lv.
1195 4780 1254 4837 248.
