3294 5408
525 1179 564 1230 IN
583 1178 925 1230 scuunna'rlssluatt

468 1281 652 1342 iOANNlS
680 1279 991 1343 nurnntuunnt

665 1399 782 1450 virtu

346 1500 524 1577 VLRIOI
558 1502 624 1576 AB
655 1501 872 1577 HVTTEN
903 1498 1115 1593 EQVITIS

301 1648 304 1652 ’
591 1643 859 1699 exenannrm.

585 1859 634 1910 AD
653 1857 863 1911 LECTOREM.

280 1994 335 2055 Hic
358 1995 437 2057 diras
459 1995 605 2057 scelerum
629 1997 739 2057 termas
761 1996 935 2073 funestaque
957 2003 1061 2057 narrat

366 2098 494 2158 Crimina
517 2096 618 2158 subtili
641 2096 850 2158 commoditate
871 2096 962 2165 iiber,

281 2198 352 2270 Quae
374 2198 598 2277 Pepercemus,
621 2200 755 2262 recutite
777 2201 873 2277 gentis
895 2198 1033 2260 alumnus

365 2300 423 2361 Sed
447 2300 626 2381 baptizatus,
651 2301 719 2362 iecit
741 2308 770 2362 et
792 2301 859 2380 igne
881 2300 945 2362 luit.

279 2485 412 2550 'Tantane
435 2486 517 2548 ferali
540 2489 649 2567 potuit,
673 2487 750 2567 proh
772 2486 900 2566 Iupiter,
923 2489 967 2548 ira

280 2588 379 2649 Exeiri
400 2589 512 2659 rabies,
536 2597 586 2651 aut
608 2597 666 2650 tam
692 2589 834 2651 violentus
857 2588 893 2649 ab
917 2588 976 2649 altu

279 2689 449 2753 Transmitti
465 2690 678 2768 Phlegethonte
702 2692 803 2752 furori
826 2691 885 2751 Nes
908 2692 1031 2751 erimina
1054 2709 1170 2751 summe

281 2790 448 2853 Viderimus
470 2800 609 2872 proveeta
632 2793 715 2861 tneo,
740 2811 795 2854 nos
817 2793 945 2871 pessima
968 2810 1086 2853 merum

253 2894 410 2955 ai'mderit
432 2895 537 2965 iacies,
560 2897 616 2956 nisi
638 2895 735 2956 adhuc
757 2895 859 2972 peiora
882 2891 1050 2954 redundant

279 2994 427 3073 Tempora
448 3013 589 3058 successu
613 2997 766 3074 vincetque
789 2993 923 3074 exempla
945 2994 1079 3075 priorum

280 3097 385 3160 Ultima
409 3115 533 3176 quaeque
556 3098 639 3159 diesi
661 3096 733 3168 Quae
756 3115 816 3157 non
838 3097 921 3177 prior
944 3096 1036 3157 audiit
1056 3103 1127 3159 retas

279 3199 312 3260 ln
336 3208 453 3260 nestros
476 3200 611 3263 cecidere
635 3201 706 3261 dies.
743 3199 819 3272 Quid
841 3207 976 3276 tempera
998 3197 1121 3260 demens

280 3302 471 3380 aetatemque
493 3303 623 3380 quereri
645 3302 740 3381 potuit
763 3301 921 3361 Germania
945 3306 1057 3362 tantum

243 3421 267 3461 u
283 3402 486 3482 l’regenerare
509 3405 609 3465 nefas?
633 3411 675 3473 te,
700 3404 938 3482 praestantissima
962 3421 1078 3470 rernm,

280 3504 341 3566 Diis
362 3509 479 3586 superis
502 3505 605 3567 dilecta
629 3524 753 3584 parens,
777 3505 907 3583 petuisse
930 3503 1023 3566 videri

279 3605 372 3668 Ferre
394 3606 637 3687 Pepereurnumi
660 3607 732 3668 Date
754 3606 826 3666 dirae
849 3605 953 3667 oblivia
978 3604 1077 3674 iamai,

280 3708 422 3778 Numina,
445 3712 596 3787 contingat
618 3716 736 3770 nostres
759 3709 875 3770 nescire
897 3708 1028 3769 minores

280 3809 412 3880 Onerum
436 3830 490 3872 nes
512 3812 632 3890 puduit,
656 3809 717 3879 vel,
741 3812 766 3870 si
788 3810 959 3870 meminisse
983 3808 1098 3878 licebit,

241 3930 265 3971 u
282 3912 402 3974 Ceuseri
426 3916 536 3974 maiora
559 3912 631 3981 tide,
656 3913 813 3975 Germania
837 3929 874 3972 ne
897 3914 936 3970 sit

284 4014 417 4075 Nominis
440 4015 596 4076 indicium!
619 4015 687 4095 quid
712 4017 790 4075 enim
814 4031 873 4074 nnn
897 4012 945 4073 ilia
968 4031 1113 4075 venenum

278 4116 375 4178 Triste
398 4115 563 4177 salutiferas
585 4118 662 4176 inter
685 4115 865 4194 produceret
887 4113 1013 4176 herbas?

279 4216 354 4278 Tum
377 4217 472 4279 sulum
496 4219 576 4280 dedit
599 4217 648 4278 ilia
671 4217 769 4279 locum
792 4224 968 4296 partumque
991 4216 1113 4297 maligni

278 4319 415 4398 Pignuris
437 4320 568 4382 adurisit:
592 4327 651 4381 teta
674 4328 718 4381 est
740 4319 837 4380 lndaea
860 4335 1009 4398 propago.

240 4439 267 4480 ae
281 4421 365 4483 Unde
386 4420 609 4499 i'eperenrnus,
632 4424 721 4483 terris
743 4422 852 4482 invisus
874 4418 1026 4488 alumnus,

279 4522 405 4592 i'rodiit;
433 4523 502 4585 huie
524 4531 634 4594 mater,
657 4532 742 4605 pater
763 4529 808 4585 est
829 4521 866 4582 ab
890 4522 1005 4600 origine
1027 4523 1122 4591 iudan

113 4660 248 4668 ..ῃ-η...-
255 4660 279 4666 .-

81 4791 84 4795 ,
141 4740 152 4773 ¹
171 4742 355 4808 Phlegetonte
373 4746 401 4793 2.
