3294 5408
164 414 176 485 1
189 412 235 485 34
255 440 378 479 ΠῚΤΤΕΗΙ
391 439 428 476 ΔΙ)
438 434 722 475 οΕΙ.ΙΔΧΙΙῙΒΙΑ.ῚΥΙ
734 434 769 471 VT
779 432 890 470 138vass
901 432 930 468 ttt
939 431 1065 468 l’ldllllTOl!
1077 429 1370 474 PBOUEQREOHHO

368 596 527 675 lurperioso
550 595 640 662 anari,
663 593 781 652 lortuua
804 589 876 650 elata
901 587 1045 654 secunda,

311 721 349 761 aaa
445 697 481 758 Et
502 695 568 777 plus
591 713 695 774 quarn,
718 693 844 755 brevitas
867 692 1021 770 temporis,
1043 691 1114 760 ista,
1137 688 1216 750 sinit.

362 800 451 863 Vince
473 806 571 861 tomen
593 805 781 877 coeptumque
803 798 892 858 arinis
914 801 1053 873 tantoque
1075 799 1178 871 paratu

448 902 633 980 Prosequere
654 899 712 959 hoc
734 898 861 968 bellurn,
884 896 996 959 viribus
1016 912 1070 957 use
1091 895 1164 955 tuis:
1271 910 1277 921 ·

365 1006 448 1084 Saepe
464 1002 542 1082 quod
559 1004 587 1063 in
603 1020 751 1063 summurn
767 1001 920 1062 uliscendit
934 997 1102 1076 multosque
1117 1014 1171 1076 per
1186 1014 1280 1058 annos

314 1129 353 1171 no
449 1106 559 1174 Crevit,
583 1106 613 1166 in
636 1121 774 1165 occasum
796 1101 915 1182 dispulit
936 1119 995 1162 una
1018 1100 1089 1161 dies.

366 1208 448 1282 Quod
471 1209 497 1268 si
519 1213 612 1268 marte
633 1213 684 1267 tuo
707 1205 873 1286 respublica
895 1203 1032 1265 concidet
1052 1200 1115 1270 illa,
1180 1198 1185 1207 '
1228 1202 1233 1211 '

450 1311 521 1383 Quae
544 1327 593 1370 res
615 1326 693 1369 none
714 1314 796 1368 terito
818 1314 913 1386 copta
935 1305 1037 1366 labore
1058 1303 1112 1366 tibi
1134 1310 1193 1375 est,

367 1415 456 1491 Signa
478 1413 523 1473 sui
546 1409 625 1472 clare
647 1409 728 1471 (labit
749 1410 798 1471 liic
821 1409 951 1470 Fortuna
974 1407 1097 1477 laveris,

315 1537 355 1577 aab
451 1515 523 1588 Once
544 1512 640 1591 siquid
663 1511 769 1581 voluit,
793 1512 900 1591 detque
921 1512 1056 1588 rapitque
1078 1509 1152 1571 cito:

366 1618 419 1679 l'ix
442 1618 495 1677 tria
519 1615 589 1676 dum
611 1614 753 1676 Veneturn
777 1614 891 1675 duravit
912 1610 1017 1673 secuta
1041 1628 1182 1690 reguum,
1222 1640 1225 1647 ·

450 1720 488 1780 Et
508 1726 605 1779 tomen
629 1716 684 1777 hae
707 1718 799 1777 risurn
823 1714 1013 1793 estamplius
1035 1712 1110 1775 urbe
1132 1712 1217 1781 nibil,

343 1808 346 1813 ¹
368 1823 462 1902 rltque
484 1821 573 1889 adeo,
597 1819 718 1879 priuauit
739 1838 791 1879 sua
813 1826 847 1878 ut
868 1818 945 1879 laune
967 1815 1126 1896 petulantia
1148 1821 1249 1877 contro

315 1943 353 1986 roa
449 1926 611 1987 Germanas
632 1923 709 1982 vires
732 1922 955 2000 Caesareumque
977 1920 1076 1981 decus.

374 2028 479 2095 Vince,
503 2026 639 2103 inquam,
663 2024 775 2095 Cesar,
798 2042 855 2085 nec
879 2032 907 2084 te
929 2024 1059 2084 Fortuna
1082 2029 1214 2082 moretur

451 2128 575 2189 Terreat
596 2133 647 2188 aut
668 2125 747 2187 solos
769 2128 827 2186 visa
852 2127 934 2204 sequi
957 2125 1099 2193 Venetos;

367 2232 438 2305 Oion
460 2231 514 2291 luit
535 2228 581 2289 liis
603 2230 725 2310 propior
744 2217 850 2309 priruis
873 2228 998 2308 lavitque
1021 2230 1076 2291 sub
1099 2230 1197 2301 annis,

316 2354 356 2395 roo
451 2333 520 2394 llaec
542 2332 644 2392 codena
666 2350 751 2393 verso
773 2330 892 2392 cordine
914 2332 1005 2392 tristis
1027 2333 1091 2393 erit.

367 2436 441 2509 Quid
464 2436 588 2503 metuis,
611 2451 649 2495 ne
671 2433 765 2513 qualis
787 2441 851 2494 erat
872 2451 937 2493 sors
958 2442 1069 2513 perstet
1090 2437 1120 2498 in
1141 2435 1217 2497 illis?

451 2539 495 2598 du
518 2538 614 2598 nescis
635 2537 730 2597 varias
752 2535 842 2596 rebus
866 2536 962 2597 inesse
983 2524 1079 2597 vic'esl

369 2641 399 2701 Si
422 2640 580 2719 quicquain
601 2639 726 2700 istorum
748 2638 843 2718 potuit
865 2656 896 2699 so
920 2637 1061 2701 extollere
1082 2658 1199 2712 rerum,

297 2734 355 2804 'an
452 2739 525 2802 lllud
548 2740 625 2801 idem
649 2758 719 2801 casu
741 2740 983 2819 temporibusque
1004 2748 1086 2804 ruet:

365 3001 513 3075 lorpcriosa
535 3016 620 3055 runnu
642 2998 752 3055 lortuna
774 2997 844 3056 elata
865 2999 996 3063 secunda,

331 3104 356 3143 7²
441 3084 474 3141 Et
497 3085 560 3159 plus
584 3101 678 3158 quoru,
703 3084 819 3140 brevitas
843 3085 988 3161 temporis,
1012 3085 1078 3149 ista.
1101 3088 1175 3145 sinit.
1227 3072 1230 3079 ²

370 3171 471 3239 Quodsi
494 3178 579 3225 rrrarte
603 3179 651 3226 tuo
674 3168 826 3243 respublica
850 3170 975 3227 concidet
997 3170 1058 3235 illa,

454 3254 518 3323 Qaau
540 3272 585 3311 res
607 3270 680 3311 nunc
702 3262 778 3310 tanto
800 3263 889 3330 canpto
911 3254 1005 3311 labore
1027 3256 1076 3312 tibi
1098 3267 1154 3323 cst,

369 3342 451 3415 Signa
474 3341 515 3396 sui
538 3339 610 3397 clare
632 3338 707 3396 dabit
728 3340 772 3396 hic
795 3340 914 3396 Fortuna
938 3342 1052 3406 favoris,

330 3444 355 3485 aa
452 3424 531 3494 Oriau,
555 3423 646 3500 siquid
665 3428 781 3497 poterit,
802 3426 902 3500 datque
924 3427 1050 3502 rapitque
1072 3430 1143 3487 cito:

368 3512 415 3567 Via
439 3510 490 3568 tria
512 3511 579 3567 elurn
602 3511 734 3567 Venetunr
755 3511 862 3569 duravit
883 3511 981 3570 secuta
1002 3530 1115 3583 nornen,

453 3596 486 3652 Et
509 3604 596 3653 tamen
619 3596 671 3652 boe
692 3591 792 3669 uliquis
813 3598 923 3670 pronde
941 3605 1044 3670 putore
1059 3608 1159 3672 potest.

370 3684 435 3750 tluzu
459 3680 510 3737 luit
533 3684 565 3736 iic
587 3682 702 3757 propior
723 3682 818 3756 priuris
839 3682 956 3755 fortuna
977 3684 1028 3740 sub
1051 3686 1142 3750 anuis,

329 3785 355 3826 so
450 3766 511 3825 llaec
533 3766 625 3823 eadem
647 3784 726 3823 verso
745 3769 843 3838 pollice
865 3768 951 3824 tristis
973 3769 1035 3824 erit.

368 3852 442 3921 Qaeid
459 3855 567 3919 ructuas,
586 3866 622 3907 ue
642 3858 668 3908 te
688 3860 775 3925 coepto
793 3854 920 3910 Fortuna
942 3861 1036 3910 tenore

453 3937 514 3992 Non
534 3940 608 3993 emat
627 3940 775 3994 immensus
788 3942 898 3997 uincere
912 3940 1037 3996 divitior?

372 4023 439 4091 Quid
462 4023 574 4086 metuis,
598 4041 631 4079 nc
655 4022 742 4098 qualis
765 4032 824 4081 erat
845 4043 907 4081 sors
929 4033 1034 4099 perstet
1057 4027 1082 4083 in
1106 4026 1179 4084 illis?

332 4124 356 4166 st
452 4107 604 4165 dinoscis
627 4110 713 4165 varias
736 4108 817 4166 rebus
840 4111 928 4168 inesse
950 4110 1040 4166 vices?

370 4194 397 4251 Si
421 4195 566 4270 quicquam
588 4193 701 4251 istarum
723 4196 814 4270 potuit
836 4213 866 4252 se
888 4195 1019 4253 extollere
1042 4215 1149 4261 rerum.

455 4279 524 4336 lllud
546 4279 615 4336 idem
637 4295 719 4338 uerso
739 4289 813 4337 sorte
829 4284 929 4354 perire
945 4287 1041 4353 potest.

233 4530 268 4565 ¹⁵²
290 4534 327 4583 ut
345 4532 405 4599 plus
424 4548 505 4598 quem
523 4532 592 4594 ista,
610 4530 651 4581 br.
664 4535 684 4581 t.
698 4531 773 4582 cinit.
831 4530 863 4565 ²⁸¹
884 4531 980 4583 secula
998 4535 1071 4583 m.
1128 4531 1162 4564 ²⁸⁵
1181 4532 1277 4584 cesar
1294 4538 1359 4602 post

167 4619 240 4669 vium
260 4634 277 4667 a
295 4617 409 4669 Venetis
428 4621 619 4684 recuperatum
638 4632 699 4667 eum
717 4617 851 4668 militibus
876 4618 1015 4684 stipendia
1038 4618 1145 4669 solvere
1169 4635 1224 4669 nou
1248 4622 1358 4685 posset,

168 4704 253 4753 citum
271 4701 391 4765 dimisit,
410 4702 538 4769 proesidio
556 4704 671 4753 Veronae
690 4702 801 4765 relicto,
828 4708 857 4754 et
874 4719 935 4754 cum
952 4703 1111 4770 pontificem
1129 4703 1348 4770 Arragonioeque
1366 4720 1375 4756 1

169 4786 204 4837 ed
221 4787 420 4854 oppugnandos
437 4788 512 4855 ipsos
533 4788 654 4840 Venetos
672 4804 726 4839 non
745 4794 928 4853 conmoveret,
948 4788 1051 4838 frustra
1064 4788 1097 4839 de
1110 4788 1231 4839 induciis
1244 4804 1306 4839 cum
1319 4788 1376 4841 illis
