3360 5414
570 373 702 409 Lvoovlci
717 372 833 407 unnim
847 371 970 407 vuemo
983 371 1105 406 1⁴10le-

395 535 539 590 Proetereo
562 531 619 585 lota
641 535 682 585 est
701 528 805 584 dudum
826 530 973 596 sententia,
996 528 1127 601 adaque

346 637 384 679 ns
483 612 640 671 Patronus:
662 613 779 669 Marcus
799 614 892 669 dicere
911 616 1001 669 iussus
1023 614 1062 668 ait

398 703 480 759 ‘Dum
510 701 602 756 Veneti
616 705 714 755 contro
735 697 938 754 Mobumetidas
960 715 1041 753 arma
1061 698 1208 770 qerebant‚

483 786 618 857 ‘Dumque
640 785 706 838 mali
726 786 832 860 minsas,
854 783 897 838 bis
916 785 976 854 ipse
991 789 1129 854 patronus
1150 799 1243 847 eram‚·

399 874 443 929 ‘At
458 876 606 943 postquam
621 870 755 940 placuere
774 871 826 924 illis
841 868 959 940 furialia
981 867 1066 935 bella,

346 976 383 1018 m
483 954 597 1020 ¹Furta,
620 955 778 1020 latrocinia,
802 955 910 1019 toxica,
932 953 1083 1020 adulteria,

398 1040 487 1108 ‘erod
506 1055 648 1113 nunquam
669 1042 829 1111 tantumque
852 1036 934 1107 nesae
952 1035 1049 1109 secere
1071 1036 1212 1109 quantes,

482 1123 551 1179 ‘Isto
575 1123 716 1195 Grqantoea
738 1139 815 1178 norro
837 1121 937 1178 luendo
959 1136 1026 1177 nece
1044 1129 1091 1177 est.

399 1209 516 1265 ‘Erubui
537 1222 648 1280 semper
669 1208 737 1262 tales
756 1207 884 1262 babuisse
905 1207 1029 1274 clientes,

347 1314 384 1355 us
484 1293 598 1349 ‘Besaro
618 1307 664 1348 eos
683 1307 809 1363 semper.-
828 1292 904 1365 quod
924 1306 1051 1346 meruere
1072 1290 1210 1348 babeant.

399 1378 511 1435 Talibus
533 1384 665 1439 ammam
679 1391 778 1448 pacem
798 1377 970 1450 riqidumque
990 1375 1111 1432 tribunal

485 1462 650 1529 ermrebant
663 1462 792 1534 placidos
813 1462 959 1517 sollicitare
976 1461 1049 1516 cleos.

399 1549 461 1604 Non
478 1547 572 1602 bellum
591 1554 688 1601 contra
713 1546 821 1602 Tureas
838 1532 1127 1612 dominopiissimo,

348 1652 385 1693 ue
485 1631 555 1703 Spes
576 1633 646 1687 inter
668 1638 777 1686 nostros
798 1631 873 1686 nulla
894 1633 989 1702 quietis
1010 1637 1085 1685 erat:

402 1716 498 1772 Omnia
521 1716 667 1771 turbabant
686 1731 772 1783 auro,
792 1718 937 1771 eomitante
957 1729 1074 1770 ueneno:

482 1800 553 1856 Hcec
570 1801 623 1856 duo
641 1802 743 1856 caelesti
761 1813 944 1871 prosposuere
961 1800 1027 1866 deo,

390 1884 430 1941 El
449 1888 520 1942 uelut
540 1887 675 1958 effuqiens
691 1885 763 1940 nosti
778 1886 855 1957 loliqo
877 1885 1002 1957 sequenti

347 1991 384 2032 1³2
483 1970 587 2026 Nubem
604 1971 753 2025 atramenti
768 1972 879 2041 proiicit
894 1975 958 2024 ante
974 1969 1083 2037 oculos,

399 2055 446 2111 Sic
463 2057 517 2123 isti,
540 2057 567 2110 si
580 2054 656 2127 forte
673 2055 778 2126 aliquid
794 2054 891 2127 fecere
912 2050 1072 2121 timendum,

483 2140 630 2213 Ambiquos
648 2138 775 2194 tenebras
795 2139 905 2212 reqibus
925 2140 1055 2193 iniiciunt.

398 2226 459 2282 Non
481 2228 549 2281 satis
569 2242 586 2279 a
609 2224 701 2297 Cypro
722 2223 819 2294 sumat
838 2223 968 2296 quicquid
987 2225 1057 2278 iacet
1074 2237 1160 2296 usque
1218 2280 1222 2287 ,

346 2326 385 2368 iso
484 2310 544 2377 Qreo
564 2308 769 2365 Phaethonteos
790 2309 886 2363 Abduc
905 2311 1012 2379 rumpit
1029 2323 1132 2380 aquas,

397 2395 434 2450 Et
451 2411 506 2449 non
528 2396 647 2450 contenti
662 2399 746 2449 totum
767 2395 901 2465 spoliasse
918 2391 1091 2463 profundum

483 2479 617 2551 Duraque
637 2481 745 2550 captiuo
764 2478 882 2533 subdere
901 2479 990 2533 oborta
1012 2478 1098 2544 mori,

398 2564 489 2620 Sacra
508 2562 602 2636 sames
624 2564 690 2618 auri
708 2571 734 2619 et
751 2562 912 2618 dominandi
927 2578 1001 2617 caeca
1022 2560 1103 2616 libido

346 2668 385 2709 iso
484 2648 541 2704 Per
560 2649 650 2703 scelus
670 2649 829 2704 immodicas
850 2661 978 2703 crescere
999 2648 1087 2703 suasit
1103 2662 1178 2718 opes.

396 2734 454 2790 Per
475 2735 567 2789 scelus
587 2747 667 2788 omne
688 2733 772 2789 duces
788 2739 921 2788 raserunt
936 2747 1037 2804 reque,
1060 2732 1232 2800 tetrarchas,

482 2819 608 2891 Inqressi
625 2820 727 2874 summi
746 2821 852 2874 obsera
870 2818 1023 2888 pontificios

399 2903 560 2960 Gaudebont
580 2906 673 2959 niueas
693 2905 792 2959 vexilla
813 2902 922 2974 inferre
938 2917 995 2973 per
1014 2901 1111 2972 Abies,

346 3014 382 3055 μ,
484 2991 553 3043 Ante
570 2989 663 3043 ocrdos
681 2987 757 3042 ibant
777 2987 886 3054 Hister,
911 2986 1002 3054 Arar,
1026 2984 1195 3048 Illsodanus,⁸

398 3072 441 3128 Ile
463 3072 553 3129 Roma
576 3079 601 3128 et
622 3079 676 3127 tota
695 3070 781 3127 Italia
800 3074 855 3126 iam
879 3078 969 3126 actum
991 3085 1051 3126 esse
1069 3072 1218 3142 putabant,

485 3157 564 3214 Orbis
586 3156 753 3212 anhelabant
773 3158 917 3228 imperium
934 3156 1047 3212 occidui.

397 3242 459 3298 Non
476 3243 572 3315 pudor
593 3242 664 3297 ullus
684 3250 759 3309 erat,
778 3256 829 3297 nec
848 3249 909 3296 erat
927 3241 1080 3297 reuerentia
1103 3241 1209 3308 dirum,

345 3344 382 3385 ne
481 3327 622 3393 Prodere,
644 3329 753 3382 mentiri
760 3370 767 3392 ‚
786 3327 927 3398 polluere,
949 3329 1122 3398 opprimere,

396 3411 434 3466 Et
454 3428 485 3468 se
507 3412 673 3468 immortales
692 3412 844 3478 iactabant,
866 3409 963 3466 deinde
981 3413 1082 3477 timeri,

482 3497 543 3552 Non
562 3499 696 3570 aliterque
715 3498 768 3553 coli
787 3513 884 3568 quum,
908 3497 1033 3561 voluere,
1054 3496 1105 3550 dei.

396 3580 476 3638 Sicut
495 3596 559 3637 (roes
578 3584 649 3636 alias
669 3582 739 3637 bubo
760 3589 785 3637 et
803 3582 948 3636 canticula
966 3579 1063 3652 fallax

346 3681 383 3724 nr
483 3668 565 3723 Ludit
585 3667 693 3738 rcqates
711 3667 834 3738 improba
852 3666 998 3731 vulturios,

397 3749 537 3808 Ridebant
559 3754 633 3824 ipsos
650 3753 725 3808 nullo
746 3752 903 3807 discrimine
924 3763 1018 3822 reyes,

483 3836 579 3909 Ipsum
598 3852 660 3891 curn
678 3852 777 3909 maqno
799 3837 912 3894 Cessare
931 3835 1107 3905 Pontificemr

399 3921 510 3995 Unqare
531 3935 643 3994 meque,
663 3929 774 3992 potens,
792 3928 818 3976 et
834 3928 873 3988 te,
894 3921 1066 3977 invictissime
1083 3921 1193 3988 eaeor,

346 4021 383 4062 ne
484 4007 630 4063 Iacebant
649 4007 734 4062 soldis
755 4021 802 4062 eos
819 4007 952 4062 meruisse
969 4007 1038 4060 suis.

396 4093 523 4165 Namque
543 4091 719 4148 minabantur
741 4092 815 4166 (sunt
837 4089 927 4163 testeo)
943 4093 1078 4162 preesulis
1099 4091 1164 4146 almi

389 4168 393 4175 ’
481 4176 613 4233 Pulsatur
630 4179 713 4231 mitra
732 4177 841 4233 cadere
858 4176 926 4231 velle
947 4183 1039 4243 nates,

193 4337 395 4352 --—---..—.--

260 4457 293 4492 ¹¹¹
311 4461 472 4524 Querebant
490 4465 514 4512 t.
579 4460 610 4494 ¹³¹
630 4461 729 4527 loligo,
749 4459 858 4522 τευθίς,
882 4461 1043 4526 iintenfiscb.
1115 4460 1147 4494 ¹⁸¹
1162 4459 1325 4527 ¹timendum,
1346 4462 1363 4511 i.
1378 4476 1403 4511 e.
1416 4462 1489 4514 unde

192 4544 248 4594 sibi
267 4544 392 4597 timeant.
445 4544 479 4579 ¹¹¹
496 4548 696 4599 Phaetontaeee
708 4551 733 4597 t.
751 4548 771 4596 i.
787 4562 811 4596 e.
824 4547 944 4610 Pedum,
965 4550 993 4598 in
1012 4562 1092 4611 quem
1110 4546 1256 4597 Phaethon
1274 4545 1407 4612 delapsus
1426 4563 1489 4598 ner·

192 4635 279 4680 ratur.
335 4629 366 4663 ¹⁴¹
386 4631 481 4696 duces,
502 4634 544 4683 die
562 4635 661 4698 dapem.
714 4631 888 4683 Thetrareee
907 4637 931 4683 1.
997 4631 1030 4665 ¹⁴⁴
1049 4639 1145 4683 :eretz
1165 4636 1188 4682 t.
1254 4628 1286 4663 ¹¹¹
1305 4631 1491 4683 unhellebunt

192 4719 250 4766 t.2.
303 4713 336 4747 ¹¹¹
354 4712 453 4783 soldie]
473 4715 632 4782 stipendiis,
653 4717 792 4767 mercede.
847 4715 879 4749 ¹¹¹⁸
897 4717 997 4768 cedere
1016 4720 1073 4767 tt.
