3294 5408
175 425 347 462 sunvrnnn
360 423 464 461 uratur
477 422 637 459 TRIVHPBVS
650 421 788 458 nocrottts
802 422 944 459 BBVGRLIN
959 421 1207 460 &Inhonestum
1220 425 1373 463 ENGOUION.
1394 397 1468 467 423

378 577 534 639 Stultitiam
556 577 745 638 immodicam
769 576 813 638 rei
836 577 916 657 quod
938 595 971 638 sc
993 578 1115 639 audacia
1138 585 1252 641 tantum

326 702 365 744 rao
380 678 540 749 Extulerit‚
565 678 609 740 rei
632 679 727 758 qnod,
751 680 799 740 cui
821 684 916 740 totum
938 679 1050 740 insania
1072 687 1176 759 pectus

378 782 544 852 Possideat,
568 788 649 842 recte
670 798 776 859 sapere
800 787 883 842 etse
905 781 1005 843 dicere
1028 781 1147 844 credat:

378 885 556 946 Persuasum
578 891 676 944 tamen
700 890 744 944 est
765 881 821 944 illis
843 901 909 944 sese
931 885 1028 944 omnia
1051 883 1130 944 solos

379 985 508 1047 Cernere
530 985 601 1063 quid
622 1002 743 1054 rernm,
767 985 836 1063 quid
860 983 980 1054 ialsum,
1004 985 1073 1064 quid
1097 986 1134 1047 sit
1156 987 1304 1067 iniquum,

335 1149 338 1157 ,
378 1088 469 1166 idque
490 1088 529 1147 ita
553 1103 612 1147 non
636 1085 739 1148 Phoebi
761 1086 894 1164 tripodas
916 1086 1045 1167 Neloqne
1068 1089 1191 1166 petitum

325 1211 363 1251 ma
378 1189 578 1269 Respondisse
599 1188 688 1250 deum
710 1187 932 1267 Dodonaeosque
954 1188 1112 1259 volucreis,

377 1292 521 1369 Corniger
543 1297 573 1351 et
594 1290 689 1369 siquid
713 1290 830 1370 Libycis
852 1292 882 1351 in
904 1290 1033 1370 syrtibus
1055 1290 1201 1352 Hammon

376 1391 533 1454 Rettulerit
556 1391 659 1471 rapido
681 1391 803 1453 desole
826 1388 988 1453 calentibus
1010 1391 1102 1464 diris,

378 1495 482 1556 Omnia
505 1512 573 1555 vera
596 1495 708 1554 minus:
731 1493 782 1554 sed
806 1495 906 1555 nescio
928 1493 997 1572 quid
1020 1494 1091 1555 mibi
1114 1494 1233 1556 tandem

377 1597 546 1666 Succurrit,
570 1614 639 1658 reor
662 1595 719 1656 boo
741 1597 838 1675 ipsos,
862 1594 912 1656 ubi
934 1596 1059 1675 pessima
1082 1597 1198 1666 dicunt,

325 1719 363 1762 rao
377 1699 443 1761 Non
466 1698 596 1767 nescire,
620 1697 672 1759 sed
696 1716 731 1759 ex
754 1699 842 1758 animi
865 1698 1044 1761 contendere
1066 1703 1161 1761 atroci

376 1800 528 1882 Nequitia,
552 1807 584 1860 ut
606 1807 720 1860 rectum
743 1806 858 1860 vertant
879 1801 1047 1879 iterumque
1069 1807 1228 1864 revertant.

377 1903 464 1965 Certe
486 1903 531 1964 bis
553 1903 684 1962 innatum
707 1908 751 1962 est
772 1900 870 1964 scelus
891 1901 949 1963 boc
971 1910 1134 1983 naturaque
1157 1905 1284 1984 primunr

378 2005 502 2075 Inserit,
526 2006 604 2066 vires
626 2002 714 2083 paulo
736 2012 803 2084 post
825 2004 928 2064 indidit
950 2023 1022 2066 usus

377 2106 556 2186 Roboraque
578 2105 700 2167 incussit
720 2104 814 2167 radici
836 2123 995 2184 acremque
1017 2109 1148 2186 vigorem

325 2208 425 2272 rso-Nil
446 2209 556 2270 timidis
578 2206 674 2268 scelus
696 2208 727 2267 in
750 2207 872 2287 quodvis
893 2208 1058 2288 genitisque
1081 2226 1208 2271 nocere:

376 2312 528 2391 Tanquam
551 2310 614 2370 baec
637 2327 705 2372 cum
726 2312 843 2389 superis
865 2309 993 2371 habeant
1014 2313 1185 2373 commertia
1208 2311 1281 2372 diris

377 2412 603 2491 Obstrictosque
625 2411 697 2473 deos
718 2413 749 2472 in
773 2418 838 2472 vota
861 2412 972 2474 nefaria
995 2415 1109 2492 possint

378 2514 506 2593 Cogere,
530 2532 598 2574 curn
620 2512 735 2593 placeat
758 2514 801 2575 rel
825 2533 892 2575 cnm
914 2533 967 2576 sua
990 2515 1053 2577 dira
1075 2514 1167 2577 libido

376 2616 573 2695 Immanisque
596 2615 662 2677 velit
684 2615 758 2676 iiror
779 2624 953 2695 mentesque
974 2617 1112 2698 superbae

325 2740 364 2783 aro
377 2718 436 2780 Per
458 2718 501 2778 ias
522 2736 636 2798 perque
659 2717 742 2780 netas
764 2737 869 2798 gerere
891 2721 1004 2790 omnia,
1027 2720 1127 2782 dicere
1148 2737 1326 2799 rursumque

378 2820 494 2882 Inficias
515 2818 592 2881 dicta
615 2821 675 2891 ire,
698 2823 781 2900 prius
804 2821 938 2883 contessa
961 2838 1086 2900 negare,

376 2922 534 3002 Nunquam
557 2929 636 2984 stare
651 2915 740 2983 animi
763 2922 899 2983 decreto:
923 2940 982 2982 non
1006 2925 1044 2985 ita
1067 2923 1192 2984 Proteus

377 3023 470 3085 Vertit
491 3041 524 3084 se
546 3024 575 3084 in
599 3025 692 3086 varias
713 3025 827 3102 species
850 3030 879 3084 et
900 3023 1014 3086 vincula
1037 3023 1110 3085 dudit

376 3128 566 3206 Captantem,
590 3126 691 3205 piures
713 3126 807 3187 nodos
829 3125 907 3187 baud
931 3128 1010 3188 norit
1032 3127 1123 3188 eundi

325 3252 363 3292 ara
377 3228 410 3288 ln
434 3228 522 3289 iacies
545 3226 704 3289 multorum
727 3228 879 3289 bominum
902 3227 1081 3291 Vertumnus
1103 3235 1132 3290 et
1154 3247 1215 3290 ora.

376 3329 496 3391 Artibus
517 3330 563 3392 bis
585 3347 715 3410 pugnam
737 3330 929 3392 miscentibus
951 3330 1053 3392 obrius
1075 3337 1150 3392 astat
1332 3328 1460 3414 Statim·

376 3432 483 3494 Noster
505 3438 535 3493 et
556 3432 702 3512 intrepido
726 3432 822 3494 iatuos
843 3440 924 3494 secat
945 3451 998 3494 ore
1019 3433 1179 3512 malignos,

376 3533 547 3614 Emittitqne
569 3534 675 3605 libros,
699 3534 815 3597 mordet
836 3535 1004 3614 laceratque
1027 3544 1185 3615 necetque,

379 3635 505 3705 Occidit,
530 3636 598 3697 tacit
620 3637 744 3699 infames
766 3636 932 3716 subigitque
955 3644 1070 3706 tacere,

325 3757 364 3799 aso
380 3738 540 3800 Enumerat
562 3738 675 3801 scelera
699 3747 728 3801 et
749 3757 863 3807 mores;
887 3757 942 3818 pro
964 3740 1105 3807 numina,
1130 3740 1246 3820 quantis

378 3840 496 3903 Viribus
518 3843 637 3918 ignotus
659 3843 742 3920 prins
765 3847 794 3902 et
817 3841 857 3901 nil
881 3840 938 3903 taie
960 3848 1080 3921 putatus

377 3944 467 4004 Posse
490 3942 569 4004 dedit
591 3943 768 4004 documenta
790 3945 850 4014 sui,
874 3952 1059 4023 quantusque
1082 3945 1189 4022 petitus

377 4044 410 4105 ln
434 4044 569 4125 clypeum
592 4052 708 4123 surgat,
731 4051 922 4106 monumento
946 4046 1083 4124 apparuit
1104 4063 1173 4105 nno.

377 4146 454 4207 Tum
477 4146 603 4208 fremere
626 4153 713 4224 atque
735 4147 811 4207 intra
834 4148 899 4207 irati
922 4165 954 4207 so
977 4164 1117 4225 rumpere
1140 4147 1273 4218 Fratres,

325 4269 364 4308 ass
378 4247 430 4310 Nle
453 4246 586 4310 exultare
608 4254 638 4308 et
659 4247 786 4327 palmam
809 4254 958 4310 ostentare
981 4253 1139 4318 retentam,

242 4435 275 4469 ²¹⁹
294 4435 407 4486 audetis
420 4439 445 4485 2.
480 4432 514 4466 ²²⁴
527 4434 568 4486 Cf.
582 4434 676 4500 Epigr.
691 4434 726 4484 od
739 4435 812 4486 Max.
827 4432 878 4487 18⁸.
917 4432 1145 4500 ²²⁶1)odoneasq.
1164 4435 1225 4484 edd.
1264 4430 1299 4465 ¹³⁰
1312 4433 1432 4483 examini
1444 4439 1469 4484 5.

174 4520 208 4554 ²⁸⁸
220 4521 335 4572 Insoeuit
346 4522 405 4571 edd.
440 4517 475 4551 ²⁸⁵
487 4518 555 4568 nibil
569 4519 697 4570 timentes
711 4524 739 4569 et
751 4519 779 4569 in
793 4519 908 4585 quodvis
921 4519 1012 4570 scelus
1025 4520 1136 4585 genitis.
1165 4517 1199 4552 ²⁸⁶
1215 4518 1382 4569 commercia
1396 4522 1468 4571 3...7.

174 4605 208 4639 ²⁴²
219 4606 355 4657 Protheus
368 4606 427 4656 edd.
446 4605 488 4655 De
502 4604 603 4655 Proteo
622 4604 657 4655 cf.
670 4604 747 4669 impr.
763 4604 833 4655 Ouid.
846 4604 990 4656 metVHl.
999 4603 1120 4668 raoaqq.
1172 4600 1206 4635 ²⁴⁴
1218 4603 1366 4669 pluresque
1383 4602 1468 4653 nodos

177 4691 235 4742 edd.
252 4692 301 4741 sed
317 4692 409 4741 omiaao
428 4704 581 4754 quererere
599 4691 649 4739 erit
666 4695 693 4739 ut
711 4695 801 4739 auctor
818 4690 931 4754 sempsit.
987 4686 1022 4719 ²⁴³
1040 4691 1082 4739 De
1101 4689 1250 4738 Vertumno
1269 4688 1304 4740 of.
1317 4686 1388 4738 Ouid.
1403 4691 1467 4738 met.

176 4773 402 4840 xlt11.uar.sqq.
448 4772 524 4816 ²⁵²⁸!-
544 4773 579 4826 cf.
596 4772 856 4841 Verg.X1.284.uq.
909 4771 943 4805 ’δ’
962 4771 1089 4841 monum]
1103 4773 1237 4825 Rettrdtirre
1254 4774 1450 4839 Augempiepet.
