3294 5408
164 386 238 458 404
392 413 516 451 ΗΥΤΤΒΙῙ
528 412 558 449 I'f
570 410 687 449 ῘΟΔΙΙῙΒ
700 411 736 449 Μ
749 411 860 448 ΠῩΤΤΙΙ
874 410 1032 447 ῙΜΙΕΙῊΙ
1044 409 1251 447 nrrnomto.

369 568 517 630 Credebas
539 587 599 628 non
623 586 689 630 esse
711 565 804 628 dolos.
827 567 897 627 hino
920 566 969 627 illa
991 573 1112 628 tuorum

367 672 503 734 lloestitia
526 679 585 740 est,
608 671 678 731 hinc
701 668 749 731 ille
771 668 857 730 dolor
879 668 1097 749 lachrymisque
1120 676 1243 730 eoactre

367 774 418 844 Et,
441 791 516 852 quas
538 791 598 833 non
621 772 746 833 fortasse
772 773 854 851 capis
875 773 1016 842 sentisve,
1040 769 1190 850 querelae:

367 876 439 948 Quae
461 875 513 936 tibi
536 893 624 936 causa
646 893 767 945 necem,
791 873 880 935 nobis
902 892 1020 953 quoque
1042 875 1133 934 movit
1152 873 1296 936 acerbos

329 978 465 1040 sollerte
487 985 536 1039 tua
560 976 671 1037 luctus:
695 976 766 1056 quid
788 978 867 1037 enirn
890 974 1028 1036 luctabile
1050 974 1121 1036 vidit

366 1078 498 1141 Teutona
521 1089 602 1141 terra
625 1081 719 1157 magis
741 1077 786 1141 vel
809 1076 879 1158 qnid
901 1095 934 1139 se
955 1072 1104 1156 indignius
1126 1094 1266 1158 unquam

366 1181 461 1253 Quam
483 1188 533 1243 tua
554 1200 621 1242 curn
644 1183 735 1242 virtus
756 1198 874 1263 poenam
896 1181 1058 1241 invenisset
1078 1187 1108 1240 et
1130 1198 1203 1242 aere

367 1283 550 1365 Supplicium
573 1283 718 1363 probitas,
743 1289 773 1345 et
794 1301 859 1363 qnae
881 1289 913 1344 tu
935 1282 1052 1344 infanda
1075 1281 1187 1344 tulisti?

368 1387 412 1448 ln
436 1394 555 1466 poteras
577 1393 690 1447 tanturn
714 1405 779 1448 esse
800 1384 918 1447 bonus?
940 1384 1091 1446 confidere
1113 1391 1233 1446 tantum

328 1506 354 1548 aa
368 1488 402 1549 ln
424 1489 494 1559 diis,
516 1488 546 1549 in
570 1490 679 1568 pietate
701 1489 769 1549 tua‘f
791 1505 847 1549 nec
869 1494 898 1548 tc
920 1485 969 1548 ille
991 1487 1107 1566 tyranni

366 1590 525 1653 Admonuit
545 1590 642 1653 vultus
663 1589 893 1670 truculentoque
915 1587 1024 1650 horror
1046 1589 1076 1649 in
1099 1589 1171 1650 orcf

367 1692 429 1754 Nec
451 1693 531 1754 dedit
552 1691 601 1754 ilie
624 1699 721 1754 minen
743 1693 818 1754 tanti
840 1709 900 1752 non
922 1692 1005 1770 signa
1027 1690 1138 1752 furoris

368 1795 453 1874 Saepc
474 1796 578 1875 prins?
601 1802 647 1865 tu,
669 1803 700 1857 te
721 1793 845 1855 illaesum
868 1794 948 1863 fore,
972 1791 1106 1854 moribus
1127 1792 1208 1862 istis,

366 1897 512 1976 Speranti,
534 1898 672 1977 quodque
693 1899 725 1958 in
747 1895 855 1957 multos
877 1897 959 1957 ferus
980 1902 1049 1956 ante
1070 1895 1174 1956 fuisset

328 2018 353 2058 co
368 1998 480 2080 Cuique
503 1998 595 2061 dabas
616 2000 729 2079 culpae,
751 2007 865 2060 tantum
887 1997 967 2058 lrunc
989 1996 1131 2075 deceptus
1152 1996 1306 2059 amabas?

368 2101 443 2173 Quid
466 2100 546 2182 quod
568 2109 598 2163 te
620 2102 788 2182 oppositum
811 2100 916 2162 mediis
938 2101 967 2161 iu
991 2098 1121 2161 caedibus
1143 2098 1225 2160 hosti

367 2204 427 2264 Pro
449 2203 525 2266 duce
546 2203 627 2265 nulla
649 2211 701 2265 tuo
724 2205 830 2265 vitasse
852 2201 986 2283 pericula
1008 2200 1129 2264 dicunt?

369 2304 455 2367 llfum
477 2313 528 2367 aut
548 2313 711 2369 tentantem
733 2322 850 2386 pugnas
872 2313 922 2367 aut
943 2323 1017 2386 paco
1038 2304 1188 2366 fruentem

368 2408 512 2487 Spectanti
534 2410 688 2488 proprior,
712 2416 775 2470 tum
797 2425 876 2486 saepe
898 2425 915 2468 a
938 2407 1022 2469 clade
1044 2404 1200 2467 reductum
1295 2450 1297 2454 -

278 2537 284 2545 ·
330 2527 356 2569 rc
370 2510 500 2571 Servasti
521 2510 636 2582 infelix,
659 2518 692 2571 ut
713 2511 764 2590 qui
785 2517 815 2572 te
837 2509 979 2590 perderet
1000 2515 1086 2570 esset

368 2610 453 2673 Nulla
476 2612 540 2674 dies
560 2614 625 2675 sine
646 2620 690 2684 te,
713 2612 777 2674 sinc
799 2620 827 2673 te
849 2629 907 2672 nox
930 2608 1010 2671 nulla
1032 2608 1150 2671 ridebat

368 2713 426 2775 Aut
446 2732 567 2776 somnos
589 2720 761 2796 carpentem
782 2720 834 2775 ant
854 2714 1011 2793 quicquam
1032 2715 1063 2773 in
1084 2710 1176 2773 rebus
1197 2720 1372 2790 agentern,

358 2813 436 2893 'lpse
458 2835 577 2897 quoque
598 2818 739 2878 invictum
761 2815 819 2877 sihi
840 2823 869 2877 tc
892 2814 1020 2876 iactabat
1041 2815 1169 2875 amicum

369 2917 503 2979 Perfidus
525 2927 555 2980 et
575 2936 683 2997 magno
706 2917 865 2980 simulabat
886 2935 989 2978 amore
1010 2917 1122 2978 teneri:

329 3035 355 3077 so
370 3018 440 3080 llaec
461 3021 543 3082 fraus
564 3022 660 3101 prima
682 3021 750 3089 fuit,
774 3026 803 3081 te
826 3021 955 3099 primum
978 3018 1034 3078 hac
1057 3025 1120 3078 arte
1142 3015 1285 3095 petebat,

369 3121 514 3202 Quodque
536 3122 627 3200 pudet
648 3122 720 3191 dici,
743 3139 799 3181 nos
819 3120 883 3182 heac
905 3126 1071 3182 commenta
1093 3118 1237 3180 faventcis

369 3221 464 3335 Atpue
486 3223 574 3285 istum
597 3242 705 3303 cepere
727 3229 851 3304 patrem.
876 3240 975 3301 neque
998 3239 1086 3284 causa
1108 3219 1228 3283 dolendi

369 3323 533 3387 Credulitas
554 3332 605 3386 tua
627 3325 689 3388 sola
710 3326 780 3388 fuit:
802 3326 986 3403 speravimus
1007 3341 1110 3386 omnes

369 3426 613 3506 Credidimusque
635 3445 753 3490 omues:
777 3434 806 3488 tc
828 3426 1083 3507 procubaterror
1104 3426 1136 3486 in
1157 3443 1270 3494 unum,

330 3549 356 3589 aa
370 3527 422 3598 Et,
445 3547 512 3608 quae
533 3529 693 3590 multorum
715 3536 773 3598 est,
796 3530 826 3590 in
849 3538 877 3590 te
899 3546 991 3591 unum
1014 3544 1101 3608 poena
1122 3526 1251 3595 resedit,

370 3629 460 3692 Nacta
482 3648 586 3694 errore
608 3629 721 3693 locum:
745 3632 816 3711 quid
839 3632 920 3692 enim
937 3630 1015 3710 proh
1036 3630 1168 3710 luppiter
1189 3629 1255 3690 istis

369 3731 502 3795 Moribus
523 3733 678 3811 indignum
700 3751 787 3815 poena
810 3733 925 3810 magist
946 3734 1007 3794 llas
1028 3750 1083 3811 ego
1105 3731 1226 3793 fundam

369 3834 431 3895 Nec
452 3836 563 3914 possim
585 3825 688 3898 ulcisci
710 3835 894 3916 lachrymas?
916 3835 980 3896 haec
1001 3833 1122 3895 rnlnera
1145 3840 1282 3911 fatigem,

370 3935 426 4006 l'e,
449 3936 562 4008 scelus,
586 3936 742 4008 incolumi,
767 3955 863 4017 neque
885 3937 941 3998 diis
962 3937 1118 4016 quiequam
1142 3934 1260 3996 excidet
1284 3941 1392 4015 aequis

332 4057 358 4097 oo
372 4037 434 4109 Qua
458 4037 597 4100 mercede
619 4037 683 4100 luas
705 4040 777 4100 tanti
800 4037 906 4100 delicta
930 4037 1059 4099 furorisf

370 4137 488 4209 Quoto
512 4142 616 4218 igitur,
640 4141 766 4212 furiose,
789 4142 872 4202 nefas
894 4141 1079 4201 committere
1101 4139 1190 4199 ductu

371 4242 428 4302 Aut
451 4260 507 4321 qua
529 4260 582 4323 spe
606 4243 744 4322 poteras?
767 4242 812 4304 vel
834 4260 900 4323 quae
923 4250 952 4304 te
974 4240 1109 4303 immanis
1131 4240 1230 4316 adegit

238 4426 261 4459 ⁴⁵
284 4428 389 4478 Pacuvi
413 4428 486 4493 apud
505 4429 575 4479 Suet.
587 4429 658 4479 Cres.
672 4428 713 4478 84.
733 4430 770 4478 cf.
784 4429 862 4479 Oret.
877 4430 899 4479 Ι.
918 4428 948 4477 in
966 4427 1027 4477 due.
1047 4428 1172 4492 Virtenp.
1191 4426 1215 4487 ξ.
1232 4424 1292 4478 100.
1383 4430 1408 4464 ⁴⁶
1432 4433 1477 4482 ita

133 4556 143 4576 ,
168 4511 328 4577 Wingfieldi
347 4528 453 4578 quoqne
472 4514 593 4579 epistula
611 4530 693 4580 qnam
711 4514 836 4564 dedimus
853 4513 908 4564 vol.
921 4513 954 4564 V.
968 4529 994 4578 p.
1008 4510 1067 4562 506.
1126 4509 1148 4542 ⁴⁸
1166 4511 1287 4561 iactavit
1305 4518 1333 4563 5.
1393 4515 1414 4548 ⁵¹
1434 4517 1475 4566 fa-

166 4602 264 4648 ventes
284 4601 310 4647 3.
374 4595 396 4629 ⁵²
414 4600 496 4648 istum
515 4595 552 4664 p.]
572 4599 608 4648 ad
626 4614 706 4664 quem
724 4597 786 4648 lraec
804 4598 960 4663 deploratio
979 4597 1118 4650 scribitur.
1182 4593 1205 4628 ⁵⁴
1223 4611 1303 4647 error
1322 4601 1410 4663 qussi
1427 4615 1474 4651 no·

167 4682 241 4731 nium
260 4697 358 4747 corpus
376 4683 405 4732 in
423 4687 450 4732 te
469 4697 551 4733 unum
570 4684 662 4733 inruit
714 4681 736 4714 ⁵⁶
754 4683 861 4750 Iupiter
871 4686 897 4734 2.
906 4686 932 4734 3.
985 4680 1008 4714 ⁵⁸
1025 4681 1181 4746 lacrymas?
1199 4683 1226 4732 3.
1281 4680 1305 4713 ⁵⁹
1323 4682 1384 4751 Te]
1404 4685 1473 4736 duee

169 4765 358 4815 interfectore.
410 4767 559 4833 quidquem
578 4773 604 4820 3.
