3294 5408
312 1074 513 1139 luntario
535 1074 709 1137 ElllTORlS
731 1075 779 1136 ΑΙ)
803 1074 928 1137 OMNES
951 1075 1151 1147 Qvarrvou
1173 1075 1326 1139 PARTES.

579 1261 639 1317 utut
656 1263 746 1318 lommt
764 1264 822 1320 oter
838 1264 927 1318 immet
944 1275 1003 1329 eor,
1021 1274 1096 1319 ιιιιιιι
1113 1278 1176 1318 men
1193 1276 1243 1319 nou
1256 1261 1399 1330 Θᾰιιὶῐιιιι,
1417 1261 1465 1318 mie

579 1360 630 1402 usu
642 1349 828 1421 nuntiusque,
851 1349 916 1416 nient
934 1349 982 1403 mit
1000 1349 1080 1403 ιίιιιιιι
1099 1347 1212 1419 qenillen
1229 1347 1395 1415 nettcutlduu
1411 1348 1464 1403 dn:

579 1434 733 1498 ttufiotmut
752 1434 847 1500 tnridt,
867 1434 892 1500 lo
910 1434 986 1488 tntu
999 1433 1024 1498 lo
1037 1434 1120 1504 menig
1133 1437 1221 1500 buron,
1241 1433 1289 1499 ted
1302 1432 1464 1489 tetendisti

579 1533 625 1588 qut
642 1518 706 1585 uidi
723 1520 800 1586 metti)
819 1519 856 1585 tu.
892 1519 960 1584 luit,
979 1518 1086 1587 ῧιιιιδι,
1106 1519 1274 1585 ἵῑιιὶῐιιαῐιιιιι
1292 1534 1326 1574 ιιι
1338 1520 1384 1574 beu
1396 1518 1464 1574 nin:

580 1619 625 1674 qen
643 1604 672 1667 iu
691 1607 738 1660 boi
756 1604 849 1676 cirqiqc
867 1605 964 1671 lisele,
981 1606 1033 1660 unt
1051 1610 1107 1660 mue
1124 1605 1213 1660 mittet
1231 1603 1347 1660 uestitu
1365 1604 1464 1671 bertot:

579 1689 676 1759 bringa
695 1690 756 1745 odes
774 1691 862 1746 enters
882 1690 910 1752 itt
928 1690 986 1745 siut
1003 1693 1055 1745 unt
1073 1689 1186 1746 sertitelt
1203 1705 1263 1746 ιιιιι.

1114 1775 1210 1842 (herthe
1228 1790 1261 1830 on
1280 1772 1397 1839 &didm

242 1912 322 1976 Quod
339 1912 457 1964 Hutteni
474 1913 610 1975 carmina,
631 1914 725 1963 rudem
743 1913 832 1964 adhue
851 1915 1070 1980 indigestamque
1089 1913 1196 1975 molem,
1215 1915 1245 1963 in
1262 1917 1391 1978 quattuor
1403 1927 1464 1978 par·

177 2004 218 2049 tes
235 1998 390 2064 dispescni,
414 1998 518 2064 optima
541 1998 649 2048 ratione
673 1999 778 2049 laetum
797 2015 857 2050 csse
876 2000 1053 2062 iudicabunt,
1078 2015 1172 2065 spero,
1196 1999 1242 2064 qui
1261 1998 1383 2049 auctoris
1400 1998 1465 2048 vitae

174 2083 341 2150 scriptisque
363 2082 456 2149 paullo
478 2082 640 2149 diligentius
670 2084 837 2146 studuerint,
868 2100 971 2136 omnes.
1007 2089 1105 2150 sponte
1128 2082 1255 2149 profecto
1284 2099 1318 2134 ea
1346 2083 1465 2149 digestio

174 2173 339 2235 ammenta
356 2172 511 2234 poematum
530 2174 715 2234 temporaque,
736 2170 833 2234 quibus
852 2170 995 2235 conposita
1013 2174 1085 2232 sunt,
1104 2168 1304 2234 contemplanti
1321 2183 1384 2219 sese
1396 2183 1466 2234 pree·

174 2253 237 2315 het,
257 2253 286 2303 in
304 2256 411 2304 tantum
428 2260 459 2303 nt
477 2255 560 2304 mirer
577 2255 606 2303 in
624 2254 695 2304 hune
713 2254 787 2305 diem
806 2256 954 2317 neminem,
975 2270 1054 2320 quem
1072 2255 1173 2319 seiam,
1193 2253 1241 2317 fili,
1261 2269 1313 2320 quo
1331 2268 1466 2320 suspensa

173 2343 239 2389 sunt
256 2337 381 2405 singula,
406 2339 599 2391 rectitudinem
623 2344 650 2388 et
673 2354 707 2388 ex
729 2340 816 2405 ipsius
840 2341 983 2406 scriptoris
1006 2339 1099 2390 indole
1118 2339 1284 2405 ingenioque
1303 2339 1382 2404 quasi
1400 2353 1465 2389 sna·

174 2428 300 2474 scentem
317 2425 514 2474 necessitatem
532 2424 706 2490 praedicasse,
727 2426 781 2475 nisi
799 2425 883 2475 multo
901 2440 952 2475 usu
970 2425 1128 2476 didicissem
1148 2420 1229 2490 quam
1247 2424 1329 2490 longe
1341 2423 1465 2489 plerique

175 2509 234 2560 iere
253 2523 348 2560 omnes
365 2508 501 2575 hodieque
524 2509 559 2559 ab
579 2510 712 2560 adcurate
730 2526 849 2576 veraque
868 2512 1005 2561 universae
1023 2511 1204 2562 Huttenlanae
1222 2509 1287 2560 vitae
1305 2509 1466 2575 ingeniique

174 2609 333 2659 morumque
350 2593 478 2659 ingenuae
497 2600 525 2645 et
543 2596 622 2660 quasi
640 2595 805 2660 conpactilis
823 2597 951 2658 unitatis,
978 2596 1163 2658 rectitudinis,
1188 2594 1306 2657 duritiae,
1326 2608 1387 2660 qnae
1405 2606 1466 2644 oum

175 2679 336 2745 incorrupta
353 2678 525 2730 humanitate
545 2687 573 2730 et
590 2680 726 2745 profunda
743 2681 881 2746 probitate
901 2687 929 2732 et
948 2682 1062 2732 adsiduo
1080 2683 1186 2732 fervore
1200 2681 1280 2731 unice
1294 2678 1464 2747 coaluerant,

176 2764 337 2831 cognitione
356 2765 489 2823 absimus,
509 2765 659 2831 multosque
679 2782 740 2816 esse
759 2767 805 2832 qui
823 2766 973 2816 Huttcnum
993 2768 1054 2817 ideo
1067 2771 1188 2828 tantum,
1208 2764 1279 2831 quod
1291 2778 1387 2815 versus
1398 2762 1466 2815 mul·

176 2854 218 2900 tos
238 2848 311 2900 indit
327 2849 504 2915 laureamque
524 2866 541 2899 a
559 2849 670 2901 Caesare
689 2866 818 2902 coronam
837 2852 956 2917 accepit,
977 2852 1011 2901 ad
1030 2856 1176 2918 augustum
1194 2856 1282 2916 poetae
1301 2866 1399 2900 nomen
1419 2849 1465 2900 ad

176 2934 298 2984 mittant.
333 2934 394 2985 Non
411 2951 510 2985 novum
529 2943 571 2985 est
588 2937 738 2987 Hnttenum
758 2937 994 2987 adulescentulum
1014 2937 1113 3003 elegiis
1137 2936 1286 2987 condendis
1309 2936 1467 3006 tirocinium

176 3019 316 3070 linearum
339 3021 476 3085 posuisse,
500 3036 552 3070 nec
575 3020 670 3072 doctos
692 3021 763 3071 latet
786 3023 812 3071 id
837 3039 851 3072 e
875 3024 981 3072 ratione
1006 3023 1115 3072 litteras
1139 3021 1264 3073 discendi
1282 3004 1465 3086 docendique,

177 3118 230 3169 qua
249 3107 364 3169 etipse,
384 3106 495 3171 Rhagii,
513 3106 644 3168 Trebelli,
666 3107 812 3172 vigilantii
831 3107 994 3172 discipulus,
1014 3109 1122 3158 Eobani
1134 3106 1250 3165 sodalis,
1268 3121 1334 3157 usus
1347 3110 1404 3167 est,
1424 3105 1465 3154 fa·

177 3189 229 3239 cile
249 3188 390 3255 explicatu
408 3206 482 3241 esse:
507 3207 601 3242 verum
620 3193 772 3258 ingenitam
789 3193 908 3243 hominis
925 3194 1137 3258 primariamque
1156 3193 1205 3242 imi
1223 3191 1310 3242 animi
1327 3190 1466 3241 condicio·

177 3290 238 3324 nem
258 3280 286 3324 et
304 3273 485 3326 intentionem
504 3277 658 3342 elegiacam
678 3277 763 3328 luisse
782 3279 884 3328 sentire
903 3279 995 3342 potius
1014 3293 1094 3342 quam
1108 3276 1199 3327 doceri
1212 3275 1351 3327 debemus.
1387 3275 1467 3325 Eius-

177 3358 236 3409 dem
256 3363 348 3409 autem
366 3360 487 3423 iuvenis,
508 3363 536 3411 in
554 3377 606 3427 quo
625 3362 666 3423 (ut
683 3363 717 3412 de
730 3363 875 3413 Alcibiade
888 3364 978 3428 Nepos
996 3363 1061 3413 olim
1079 3361 1160 3421 dixit)
1178 3364 1280 3411 natura
1298 3359 1363 3425 qnid
1375 3364 1468 3425 posset

179 3449 292 3510 experta
310 3449 365 3506 est,
385 3445 534 3511 ingenium,
554 3446 615 3496 dum
634 3463 667 3497 ex
685 3447 823 3498 doloribus
842 3464 874 3497 ae
894 3448 1003 3513 gaudiis
1022 3447 1115 3513 elegos
1133 3447 1255 3512 pectoris
1273 3445 1370 3496 fidibus
1389 3444 1466 3495 effin-

181 3529 230 3593 git,
254 3545 345 3579 rerum
367 3528 546 3581 humanarum
570 3533 815 3597 conperiendarum
839 3534 930 3599 gratia
953 3534 1111 3597 patriasque
1131 3537 1313 3597 externasque
1337 3531 1466 3581 nationes

181 3613 334 3677 pervisendi
351 3614 495 3681 impetuoso
514 3616 612 3677 studio,
633 3618 704 3682 quod
716 3620 804 3683 ipsum
818 3623 873 3667 tum
886 3619 957 3668 verrii
976 3634 1057 3668 caseus
1075 3624 1131 3667 tum
1149 3617 1289 3683 praecipue
1307 3616 1466 3668 monasticen

183 3698 241 3749 ritae
261 3699 363 3766 effugio
383 3701 513 3751 excitatae
531 3705 619 3767 patris
638 3704 686 3753 iren
706 3704 806 3753 debitae
826 3703 1009 3754 necessitates
1029 3708 1056 3752 et
1075 3702 1198 3754 morbida
1216 3703 1259 3753 vis
1278 3700 1467 3767 corpusculum

185 3782 315 3836 infestans
334 3782 481 3848 auxerant,
501 3770 681 3838 vehementer
699 3789 922 3839 commovebatur.
958 3788 998 3838 ita
1016 3788 1119 3839 scholis
1138 3786 1333 3853 cathedrisque
1352 3785 1465 3848 relictis,

187 3879 273 3920 versus
291 3875 399 3932 tamen,
422 3871 586 3937 ubicumque
605 3879 633 3922 et
652 3873 833 3939 quidcumque
853 3874 969 3939 agebat,
993 3875 1133 3923 Musarum
1151 3873 1253 3936 cultor,
1278 3873 1307 3921 in
1326 3876 1407 3920 arma'
1421 3885 1467 3920 oa·

188 3958 289 4020 utraque
307 3956 394 4006 inruit
413 3955 618 4023 Germanosque
637 3973 701 4009 suos
720 3964 748 4009 et
765 3975 842 4009 suum
861 3959 999 4009 Caesarem
1022 3961 1050 4008 in
1073 3959 1171 4025 praelia
1195 3964 1290 4008 contra
1313 3970 1466 4021 quemcum-

189 4049 232 4098 que
248 4039 355 4092 hostem
373 4056 446 4091 nunc
464 4058 547 4107 prece
567 4043 711 4093 blandiens
730 4059 801 4094 nunc
821 4045 1070 4095 conminationibus
1088 4050 1194 4095 terrens
1217 4048 1274 4093 tam
1297 4039 1468 4092 orationibus

188 4134 260 4183 qnam
276 4125 397 4177 heroicis
417 4128 584 4179 carminibus
604 4129 885 4196 epigrammatumque
905 4130 1011 4180 aerdeis
1030 4125 1198 4192 accendit*),
1218 4129 1277 4193 ipse
1297 4125 1407 4175 interim
1425 4139 1468 4173 re·

187 4238 379 4257 *Qn—

414 4295 441 4363 ’)
510 4298 578 4362 ibai
596 4301 648 4354 uub
667 4300 735 4371 ἣξεις
754 4300 889 4367 terraneis
907 4315 943 4364 et,
964 4299 1004 4362 felt
1023 4299 1059 4353 im
1078 4297 1198 4356 utuntur

473 4384 572 4524 dugbibe
590 4384 712 4525 dealing,
732 4386 834 4533 Zaretra}
850 4383 905 4524 tici3
916 4384 951 4524 ig
969 4385 1143 4532 &tropeiensem

474 4484 553 4607 ‘tciric
564 4485 673 4615 thiana
692 4475 739 4619 iobii
754 4486 805 4609 ihs
823 4484 1046 4621 qililhretdltidioit
1063 4505 1171 4605 reuben!

517 4638 616 4703 ‘meilen
634 4639 687 4694 mid
707 4639 739 4702 id>
758 4638 856 4693 meiius
874 4638 965 4692 uetus
984 4637 1142 4702 &duretque

476 4722 548 4788 ἰῑιιῐ,
568 4740 581 4778 o
601 4723 658 4787 otri,
678 4726 710 4778 bu
730 4723 848 4784 trutinet
867 4724 932 4787 tter,
951 4738 995 4790 qut
1013 4719 1130 4777 ιῖιιιιιιὶ*
1206 4805 1224 4846 *

1188 4808 1200 4867 l
