3294 5408
170 361 245 433 4¹8
264 390 438 428 naumann
451 388 555 425 latrandi
568 388 729 425 sulvurnvs
742 386 881 423 accacius
895 385 1036 422 caveum
1050 384 1141 423 ΜΟΔ.
1150 385 1326 423 carmem
1340 385 1496 422 monton.

336 567 360 604 a
375 545 451 606 Dent
472 544 608 605 manibus
630 550 747 604 teneros
770 542 918 603 frondenti
940 559 976 603 ex
998 541 1108 603 arbore
1133 559 1266 610 ramos:

372 647 416 707 Sit
436 646 563 707 demissa
586 646 654 706 viris
677 652 743 722 toga
767 645 868 712 restis,
892 644 930 702 sit
952 661 1023 720 vaga
1047 644 1136 706 castis

314 739 316 742 ’
372 747 471 809 instita
495 749 637 809 matronis
658 747 813 825 longaeque
837 744 983 806 rotronina
1007 744 1107 825 palla,

373 851 518 911 Praeterca
541 850 624 910 lectae
645 850 803 927 peregrino
827 867 860 907 er
885 866 1004 925 aerpnore
1027 847 1126 909 baccae

372 950 555 1032 iuclusaeque
578 970 650 1013 auro
674 967 800 1028 gemma
823 968 890 1010 cum
915 949 1071 1028 torquibus
1093 950 1216 1017 aureis,

337 1074 362 1114 so
377 1053 421 1114 Sit
442 1053 533 1122 stola,
557 1055 615 1114 sint
637 1051 720 1113 limbi
745 1053 901 1131 vinctoque
924 1050 1043 1112 monilia
1066 1050 1161 1121 collo,

373 1156 532 1233 Sericaquc
555 1163 584 1215 ct
605 1173 680 1216 rarae
703 1162 797 1215 vestes
819 1155 981 1233 precisque
1004 1152 1163 1231 coloreque

372 1258 409 1318 Et
431 1257 596 1336 strophium
618 1265 648 1318 et
670 1256 773 1335 capitis
794 1255 907 1325 velum,
931 1256 1009 1336 quod
1032 1274 1100 1317 cum
1122 1257 1193 1316 nive
1219 1263 1344 1321 certet.

373 1359 517 1438 Quicquid
541 1368 570 1420 ot
592 1366 727 1429 ornatus
750 1358 888 1438 quicquid
913 1356 1068 1437 cultusque
1090 1359 1267 1436 nitorisque

373 1461 411 1521 Et
432 1461 511 1542 quod
534 1479 659 1541 quaeque
681 1467 780 1541 potest
801 1467 831 1522 et
853 1459 932 1539 quod
954 1477 1007 1520 sua
1031 1477 1179 1539 quamque
1206 1457 1346 1518 facultas

336 1587 361 1626 aa
376 1564 468 1625 Ferre
491 1565 575 1632 sinit,
599 1582 665 1642 qua
687 1565 793 1642 cuique
815 1562 894 1622 domi
916 1568 973 1622 stat
996 1562 1078 1640 copia
1100 1577 1224 1622 rerum:

372 1665 499 1727 Candida
523 1666 687 1726 succinctas
708 1649 919 1726 commendent
940 1662 1064 1741 galbana
1088 1662 1239 1742 nymphas

373 1768 407 1829 Et
430 1785 505 1828 zona
527 1768 751 1846 virgineumque
773 1767 938 1844 astringens
961 1765 1049 1827 fascia
1072 1772 1176 1844 pectus

372 1867 580 1948 Coraliumque
602 1877 698 1938 teres,
722 1867 880 1931 rubicundi
902 1869 1016 1947 insigne
1038 1867 1175 1947 pudoris,

373 1971 504 2050 Quasque
526 1969 595 2031 alibi
617 1970 722 2033 molles
744 1973 861 2050 signant
883 1971 1044 2047 gestamina
1067 1985 1182 2036 mores,

333 2095 358 2134 co
372 2071 427 2134 llic
449 2073 536 2134 etiam
560 2080 655 2134 castas
677 2072 814 2134 deceant:
838 2073 896 2134 siut
918 2072 1025 2133 vertice
1049 2069 1127 2133 nudo
1225 2099 1240 2111 ··

372 2174 403 2236 ln
427 2184 510 2254 terga
532 2176 646 2246 effusis,
670 2194 745 2256 quos
767 2174 904 2236 verberet
926 2193 1014 2243 aura,
1038 2171 1162 2253 capillis,

371 2277 508 2358 laxaque
531 2279 673 2339 contortis
695 2277 869 2339 circundant
891 2284 1025 2355 tempora
1048 2277 1143 2337 sertis.

371 2381 434 2442 Una
458 2398 561 2441 omncs
583 2381 613 2442 bi
635 2398 707 2441 voce
730 2385 850 2449 canant,
874 2396 933 2440 uno
956 2397 1009 2439 ore
1032 2379 1191 2456 loquantur

371 2480 465 2552 Quam
487 2482 545 2543 sibi
567 2489 725 2545 servarunt
747 2481 897 2560 Capnionc
919 2480 1078 2560 superstite
1100 2477 1233 2539 landem.

333 2603 358 2646 ca
416 2583 498 2645 Dicat
519 2583 567 2653 io,
591 2585 615 2646 si
638 2603 670 2645 se
692 2584 771 2644 novit
794 2584 968 2653 Germania,
991 2583 1082 2644 dicat:

373 2685 427 2746 Vir
448 2684 569 2758 melior,
592 2704 646 2748 cur
668 2685 816 2758 dicatio,
840 2702 872 2746 sc
895 2702 982 2746 causa
1005 2684 1134 2745 dedisset

371 2786 485 2850 Caesare
507 2787 544 2849 ab
567 2788 714 2867 Euganeis
736 2793 824 2848 nacto
845 2786 939 2865 spolia
961 2784 1058 2864 ampla
1081 2785 1232 2864 tyrannis:
1265 2782 1487 2885 imm?-

371 2889 459 2950 Forte
482 2897 581 2951 tamen
602 2888 721 2958 melior,
744 2889 797 2951 sed
820 2906 880 2949 non
902 2889 1042 2968 pugnavit
1061 2889 1091 2948 in
1113 2887 1204 2947 armis
1287 2869 1346 2906 ¹¹¹⁸*

372 2990 478 3052 Noster
501 2991 565 3061 bic,
589 2991 668 3053 baud
690 2991 804 3069 gladius
826 2991 1005 3070 praefixaque
1027 2989 1137 3051 robora
1161 2989 1246 3049 lerro

337 3093 538 3170 aoPngaantis
559 3103 711 3170 gestamen
734 3100 812 3163 crat,
836 3110 932 3172 neque
956 3091 1068 3153 casside
1091 3099 1190 3152 vertex

372 3194 534 3273 splenduit,
547 3203 576 3256 et
598 3194 695 3258 nullus
717 3195 840 3256 munivit
860 3203 981 3275 pectora
1004 3193 1125 3263 tborax;

373 3295 522 3358 Certatum
546 3298 664 3376 ingenio
687 3305 745 3368 est,
768 3299 837 3358 vicit
860 3304 902 3357 tot
923 3295 1012 3358 millia
1034 3296 1124 3359 solus.

371 3397 470 3459 Victor
493 3397 529 3459 ab
553 3401 705 3478 oppressis
727 3399 844 3460 Venetis
867 3398 1009 3478 Galloque
1031 3397 1155 3460 subacto

371 3500 448 3561 Citra
471 3500 586 3562 Athesis
610 3501 739 3563 tumulos
761 3508 790 3562 et
812 3507 932 3562 onustas
954 3498 1082 3561 nubibus
1104 3497 1204 3578 Alpeis

323 3622 353 3672 ra
368 3601 530 3662 Terrarum
552 3603 690 3664 dominus
711 3601 856 3682 siquando
879 3602 917 3665 ad
939 3610 1005 3662 vota
1028 3601 1152 3671 redibit,

370 3703 442 3774 Quae
463 3704 518 3765 diis
540 3704 687 3784 persolvat
708 3705 826 3784 patriis,
850 3705 1001 3782 augustior
1023 3703 1073 3764 illo

372 3805 496 3868 Plausus
519 3808 574 3868 crit
596 3806 697 3886 populi
719 3814 749 3869 ct
770 3824 826 3887 pro
850 3806 1018 3869 conditione
1040 3806 1225 3886 triumphus:

167 3958 369 3968 ——-—-—-.

234 4057 256 4091 ‘⁵
275 4065 385 4127 teneros
404 4064 427 4113 1.
498 4059 520 4093 ⁴⁶
538 4059 660 4127 damiam]
674 4062 693 4111 i.
708 4077 732 4112 c.
745 4077 801 4112 non
820 4061 984 4112 adlabores
1007 4061 1172 4128 praecincta.
1197 4061 1289 4111 festus
1313 4062 1378 4113 dics
1403 4068 1467 4114 esto.

167 4142 190 4176 ⁴⁷
214 4144 304 4211 longas
328 4144 469 4196 velamina
492 4149 541 4196 oali
560 4146 697 4208 christine,
718 4147 734 4196 i.
748 4161 771 4196 e.
790 4162 844 4196 eum
869 4145 1022 4209 velamina,
1048 4153 1075 4196 at
1093 4150 1119 4196 3.
1127 4149 1151 4195 4.
1161 4149 1183 4196 7.
1196 4144 1306 4208 babent,
1332 4150 1467 4213 scripsisse

168 4229 306 4279 Ilattenara
326 4236 459 4294 putasset,
483 4231 605 4294 syllabam
623 4247 675 4296 qua
698 4230 867 4281 adtendentem
885 4233 990 4283 notauit.
1044 4230 1180 4281 christina
1200 4230 1273 4279 anim
1293 4230 1351 4292 (De
1372 4233 1465 4282 morib.

167 4312 279 4377 scriptis
292 4318 320 4363 et
332 4314 500 4380 imaginibus
513 4315 571 4366 Ulr.
585 4317 619 4366 ab
632 4316 748 4365 Huttcn.
761 4315 826 4366 Hal.
835 4315 908 4366 1727.
916 4315 964 4379 4⁰.)
978 4315 1102 4381 exemplo
1116 4317 1140 4365 3.
1159 4312 1240 4363 huius
1254 4317 1394 4367 carminis
1406 4330 1466 4365 usus

169 4400 218 4446 est.
260 4398 343 4449 Palla
359 4400 447 4450 vastis
465 4404 508 4449 est
527 4401 647 4452 exterior
665 4401 777 4463 talaris,
798 4399 891 4467 ampla
904 4405 933 4450 et
945 4401 1041 4461 fluens,
1054 4400 1166 4466 propria
1178 4413 1234 4449 sec.
1248 4398 1372 4450 Nonium
1386 4400 1463 4450 hone·

167 4486 271 4532 starum
285 4483 459 4534 feminarum.
479 4484 599 4535 bestisi.
630 4481 651 4515 ⁵⁴
665 4486 827 4549 quanq31.2.
841 4488 923 4550 quiq)
930 4487 955 4535 3.
970 4487 1129 4550 quaaqned.
1159 4481 1181 4515 ω
1193 4480 1281 4548 galbl
1296 4486 1463 4536 vestimenta

167 4564 311 4616 mulierum
328 4568 505 4620 delicatiora.
563 4567 584 4601 ⁵⁷
602 4571 639 4619 Et
657 4565 832 4633 adnalponas
850 4570 979 4634 'bonaque
1026 4568 1048 4601 ⁸¹
1066 4574 1144 4633 tergo
1164 4570 1254 4618 3.4.7.
1308 4567 1332 4601 ⁶²
1351 4570 1462 4621 circam·

167 4649 234 4700 dent
247 4655 270 4700 7.
323 4650 662 4721 ⁶⁴superstite1super5.
715 4652 738 4684 θ’
755 4655 824 4720 Eng.
839 4651 902 4719 tyn]
917 4654 1040 4706 Venetis.
1092 4652 1114 4686 ⁸⁹
1133 4652 1241 4719 gladios
1260 4654 1323 4705 ead.
1378 4652 1401 4686 ῃ
1419 4652 1461 4703 mi-

168 4730 207 4781 lia
225 4736 250 4783 2.
303 4733 324 4767 ⁷⁴
342 4736 447 4804 dipsis]
467 4738 503 4789 ci.
516 4737 630 4804 Deplor.
645 4739 674 4787 iu
686 4737 726 4787 Io.
739 4737 818 4788 Hntt.
832 4754 858 4790 v.
872 4737 914 4790 cl.
