3294 5408
357 394 477 431 nvrrrzrtt
492 394 657 430 Gsnmnnrnn
672 395 786 429 NONDVR
800 394 998 431 DEGENEBASBE
1012 395 1166 431 unuowvu.

275 1268 362 1391 Qvon
384 1322 426 1377 An
448 1320 523 1376 non
547 1319 744 1389 ndervrrvs
766 1320 993 1377 GERMANORVM
1016 1321 1231 1378 CLdRiTViiiNE

370 1435 525 1497 NONDVM
551 1435 893 1496 nEGENssdnvtdtrtT
917 1436 1138 1498 NOSTRATES

422 1552 640 1630 VLRIOHI
666 1555 737 1628 DE
760 1554 979 1630 HVTTEN
1004 1553 1086 1646 EQ.

624 1708 887 1759 HEROICVM.

683 1808 829 1877 [mim]

311 1931 499 2008 Rhenigenos
520 1929 647 2009 populos
670 1940 698 1991 et
720 1931 922 1991 robustissima
945 1930 1047 1991 mundi

310 2033 434 2095 Pectora
457 2034 589 2113 quisquis
612 2035 672 2094 avis
694 2039 781 2111 atque
804 2051 819 2093 a
843 2035 951 2093 virtute
972 2034 1105 2112 priorum

313 2134 512 2213 degenerasse
535 2141 636 2214 potos,
659 2153 719 2194 non
743 2153 827 2213 aequo
850 2153 974 2212 remque
997 2134 1117 2213 diesque

311 2236 440 2297 Arbitrio
462 2236 582 2314 pendis:
606 2234 691 2296 iioent
714 2255 780 2297 eom
804 2243 938 2315 temporo
962 2238 1060 2313 priseo

285 2338 494 2399 oi’raesentem
518 2339 655 2399 conterre
678 2344 798 2398 statum:
823 2357 882 2398 non
906 2356 1024 2417 semper
1045 2338 1074 2397 in
1097 2339 1187 2398 ermis

311 2440 383 2502 Esse
406 2438 489 2509 iicet,
514 2439 633 2500 mollem
656 2458 715 2500 non
738 2458 857 2518 semper
879 2458 979 2500 amare
1002 2441 1146 2519 quietem:

311 2541 446 2603 Alternes
468 2543 611 2603 inretire
634 2542 724 2612 viceS,
748 2540 886 2620 belloque
909 2542 1049 2602 remissos

311 2643 385 2704 Tuto
409 2645 492 2723 quies
515 2645 629 2704 animos
651 2660 767 2722 paxque
790 2645 951 2722 interposte
974 2642 1134 2704 resolvunt.

311 2745 373 2806 Nec
396 2754 427 2806 tu
450 2745 539 2806 crede
562 2746 633 2806 deos
656 2748 693 2805 ite
718 2763 771 2804 nos
793 2746 947 2806 intendere
970 2752 1087 2815 contro,

274 2869 297 2908 ιι
313 2846 350 2907 Ut
371 2865 471 2907 rerum
495 2846 643 2906 invideant
665 2864 811 2907 sommam
834 2855 863 2908 et
886 2848 998 2924 fastigio
1022 2844 1115 2906 nolint

344 3170 430 3240 Qvon
453 3171 621 3229 ornmnrn
643 3171 705 3227 NEC
728 3170 920 3228 vrn'rvrtovs
941 3170 1004 3227 NEC
1025 3171 1160 3228 ovornvs

485 3292 526 3347 ΑΒ
548 3288 742 3347 rnrnomnvs
765 3289 1034 3346 ordroennvenrr

659 3404 852 3456 HEROICVM

614 3510 637 3558 Ε
655 3509 669 3559 Ι
688 3508 712 3558 V
730 3507 748 3558 S
766 3509 791 3558 D
810 3509 832 3558 E
852 3508 888 3558 M.

682 3609 721 3678 [o.
737 3607 828 3675 mr]

310 3736 482 3809 Rhenigenas
504 3737 623 3811 populos
645 3744 673 3792 et
696 3735 888 3792 robustissima
911 3734 1004 3791 mnndi

310 3821 422 3877 Pectora
447 3821 573 3896 quisquis
595 3821 652 3877 oris
676 3828 757 3896 atque
780 3839 794 3875 n
817 3819 918 3876 virtute
941 3821 1065 3894 priorum

310 3907 492 3979 degenerasse
515 3914 612 3980 putes,
637 3923 691 3961 non
714 3923 792 3979 :equo
816 3921 915 3980 reoque
937 3908 1098 3978 animosque

310 3991 432 4048 Arbitrio
455 3991 566 4065 pendis:
590 3991 671 4047 liceat
692 4008 754 4046 cum
778 3999 901 4064 temporo
924 3991 1016 4065 priseo

284 4077 476 4134 oPrrosentom
499 4077 625 4133 conterre
648 4083 764 4132 statum:
788 4093 844 4132 non
866 4092 974 4149 sempor
996 4078 1022 4131 in
1045 4074 1128 4132 ermis

310 4160 374 4217 Esse
397 4160 475 4223 licet,
498 4161 577 4218 molli
597 4176 758 4235 semperque
779 4175 882 4218 vacare
904 4160 991 4234 quieti
997 4181 1004 4222 ;

309 4245 435 4302 Alternas
459 4246 531 4303 iuvat
554 4247 593 4302 ire
616 4246 702 4308 vices,
726 4244 853 4320 belloque
876 4246 1004 4301 remissos

310 4333 378 4387 Tuta
401 4332 478 4405 quies
501 4331 607 4387 animos
628 4348 735 4405 perque
759 4331 915 4386 intermissa
937 4328 1086 4387 resolvunt.

310 4416 363 4472 Neo
387 4425 416 4472 tu
438 4416 517 4472 orode
540 4416 607 4472 deos
631 4416 667 4470 ito
690 4432 741 4472 nos
765 4414 905 4471 intendero
927 4423 1037 4475 contro.

273 4518 295 4554 ro
311 4501 343 4555 m
367 4519 458 4557 rerum
483 4500 618 4558 invideant
641 4517 772 4557 summam
794 4508 822 4556 et
845 4499 955 4573 fastigio
979 4498 1068 4554 nolint

174 4746 196 4780 ¹⁰
214 4748 316 4802 sumam
334 4753 359 4801 1.

1329 365 1403 437 331⁴
