3294 5408
246 356 320 430 232
447 385 571 422 avmut
583 385 621 420 ll>
633 383 768 419 ΟΙΒΔΒΕΙΙ
781 382 993 417 ΙΑΧΙΙΙΗΔῊΙΙ
1006 381 1227 417 EPIGRAMMA'PVM
1241 381 1335 415 LIBER.

449 539 559 601 Plaude
581 537 701 618 quidem
725 555 921 615 pompamque
945 555 1018 596 nora
1043 535 1201 596 victoribus
1224 536 1300 611 istis,

424 661 437 701 a
536 641 573 700 Et
593 639 729 700 dominos
751 638 850 700 Gallos
873 639 916 698 ter
939 638 1132 716 dominosque
1156 656 1240 697 rora:

450 742 561 804 Verum
583 741 655 802 alios
675 740 810 825 ¹Francos
832 739 889 800 alio
912 740 1068 802 Germania
1092 738 1196 817 plausu

534 842 598 903 lleu
622 860 724 903 vercor
748 860 784 901 ne
806 847 835 901 tc
857 858 915 901 non
939 841 1074 919 cupiente
1097 839 1186 899 dabit.

389 1025 437 1085 66.
528 1028 578 1078 ΒΕ
598 1026 792 1077 CONVEN'PV
811 1024 1033 1075 BONONIENSI
1052 1026 1100 1074 Al)
1120 1025 1262 1075 I'PALOS.

451 1146 526 1219 Quid
544 1153 571 1206 tc
586 1145 675 1214 adeo,
692 1162 786 1223 genus
801 1163 870 1206 acre
888 1145 995 1215 virum,
1013 1144 1083 1222 qnid
1099 1153 1142 1214 tc,
1159 1143 1230 1205 ltale
1247 1161 1380 1222 pugnax,

536 1247 573 1309 lli
596 1247 703 1325 passim
728 1246 848 1323 plausus
870 1248 982 1323 istaque
1006 1264 1114 1324 pompa
1139 1247 1254 1307 iuranti

452 1350 517 1411 Non
540 1365 667 1426 quorum
691 1347 821 1425 adspirat
843 1350 938 1425 primo
962 1349 1078 1407 lortnna
1101 1346 1196 1408 labori

425 1471 437 1511 a
480 1447 483 1451 ’
537 1451 684 1511 Continuo
707 1449 805 1509 inuicti
829 1449 946 1509 roboris
969 1468 1032 1509 csse
1056 1456 1134 1526 puta.

451 1550 587 1629 Fregerit
607 1549 753 1612 Helvetiae
776 1552 923 1613 Germano
947 1549 1038 1611 milite
1062 1551 1137 1610 rires

536 1651 651 1721 Gallus,
675 1651 712 1711 ab
736 1652 858 1729 imperio
881 1651 988 1712 Siurtia
1012 1652 1171 1718 deciderit;

451 1755 503 1815 nst
525 1772 580 1832 ego
602 1755 715 1813 verituri
739 1761 817 1814 vates
839 1772 905 1820 ero,
930 1753 1041 1813 credite
1063 1742 1134 1812 rati:

426 1877 439 1918 s
539 1856 612 1918 Cum
638 1857 733 1915 reniet
755 1856 867 1924 Caesar,
891 1855 987 1914 omnia
1010 1854 1106 1915 Caesar
1130 1862 1226 1913 crunt,

390 2039 437 2100 67.
771 2041 820 2090 DE
840 2040 1022 2090 FORTVNA.

452 2160 517 2221 lluc
540 2178 632 2229 nunc,
657 2159 716 2220 buc
738 2159 840 2220 oculos
863 2162 1042 2238 patentiores

360 2334 365 2345 Ι
452 2262 489 2322 Et
511 2263 617 2324 mentia
639 2279 728 2337 grace
750 2261 878 2337 dirigant
900 2279 1024 2321 acumen

451 2362 547 2442 Reges
570 2370 599 2424 ct
620 2363 721 2441 populi
745 2363 894 2441 ducesque
917 2381 1034 2423 rernm:

453 2464 525 2525 Cum
548 2463 637 2527 Gallis
660 2464 787 2525 Venetos
809 2463 1014 2542 superbientes

427 2567 562 2628 aContra
587 2584 647 2649 non
671 2564 741 2625 nibil
764 2564 924 2626 insolenter
946 2583 1034 2626 ausos

453 2666 625 2745 Oblitosque
648 2669 694 2728 sui
716 2685 835 2746 suaeque
858 2667 945 2726 sortis

454 2768 528 2830 Vicit
550 2762 699 2830 Caesar‘et
721 2770 757 2829 ad
781 2767 853 2829 uilril
875 2767 998 2843 redegit.
1038 2826 1043 2840 ,

453 2871 524 2942 Ouia
547 2887 626 2931 nunc
649 2871 784 2931 fortuitos
807 2870 945 2947 opinione

452 2970 673 3050 dmplcxabitur
695 2972 789 3033 exitus
811 2972 945 3050 sequaci,

417 3094 441 3134 ao
456 3076 513 3135 Aut
535 3072 614 3151 quod
637 3091 703 3133 sors
726 3073 840 3134 dederit
861 3082 959 3134 ratum
983 3072 1114 3152 putabit?

453 3175 524 3245 (luis
547 3193 626 3235 nunc
648 3175 760 3235 divitias
782 3176 1002 3254 potentiamque

453 3275 491 3337 Ut
512 3283 626 3337 certum
649 3277 738 3347 ieret,
763 3284 795 3336 ut
815 3284 961 3355 suumque
984 3277 1091 3337 ducet?

453 3377 592 3439 Fortunae
615 3397 705 3456 vagus
726 3387 771 3440 cst
792 3377 924 3457 larisque
947 3386 1050 3447 nutus,

453 3480 588 3541 lacertus
610 3480 691 3541 lavor
714 3487 744 3540 et
766 3489 837 3540 rotae
859 3481 982 3541 minacis

318 3765 360 3817 65.
391 3765 501 3834 tatros]
520 3784 575 3818 non
594 3768 765 3835 sequanicos
783 3769 831 3820 sed
850 3769 1002 3820 orientales
1021 3785 1036 3819 o
1056 3769 1213 3819 Franconia
1233 3769 1403 3827 Germaniae,
1429 3768 1549 3818 liutteni

250 3852 350 3918 patria.
403 3851 414 3884 ⁸
431 3852 518 3903 dabit.
532 3869 624 3904 omnes.
644 3854 680 3903 ci.
695 3856 781 3920 epigr.
795 3853 836 3906 63.
852 3870 877 3905 v.
891 3855 915 3906 4.
934 3854 1032 3920 (pellet
1049 3871 1097 3918 pro
1116 3853 1224 3919 pellat.)

319 3934 360 3987 66.
391 3938 423 3987 In
442 3937 490 3987 xl.
503 3938 527 3987 ².
542 3938 591 3999 (ct.
606 3938 641 3987 ad
660 3939 747 4005 epigr.
760 3938 803 3989 65.
817 3939 923 4004 adnot.)
942 3939 1117 3990 inscribitur:
1138 3940 1179 3988 Ite
1199 3938 1303 3989 Eodem
1320 3935 1465 4002 [Conventa
1479 3940 1550 3989 Galli

251 4028 277 4072 et
295 4019 406 4087 Leonis]
423 4022 464 4071 ad
484 4021 578 4073 Italos.
636 4021 647 4054 ⁸
666 4027 772 4089 aspirat
790 4028 813 4075 1.
878 4025 889 4058 ⁸
907 4024 951 4074 cf.
966 4025 1053 4090 epigr.
1067 4023 1108 4074 aa.
1123 4029 1151 4073 ct
1171 4023 1205 4073 ad
1224 4039 1282 4088 seq.
1297 4024 1385 4089 epigr.
1401 4023 1546 4074 adnotata.

319 4105 361 4156 67.
391 4109 459 4158 Post
483 4107 572 4157 ioedus
595 4108 670 4159 inter
689 4108 784 4160 Gallos
803 4110 977 4174 Venetosque
1001 4110 1035 4159 de
1060 4108 1224 4175 reparandis
1247 4108 1353 4158 damnis
1373 4113 1548 4160 contractum

252 4191 304 4251 illi,
323 4206 436 4257 qnorum
454 4208 548 4259 regem
567 4191 654 4243 lulius
667 4194 697 4243 P.
711 4194 757 4254 M„
776 4210 830 4244 non
849 4195 889 4244 ita
907 4195 990 4260 longe
1010 4202 1071 4261 post
1089 4195 1241 4254 decedens,
1267 4193 1404 4259 dignitate
1423 4208 1474 4242 aua
1492 4195 1548 4259 pri·

251 4282 346 4327 vatum
364 4277 572 4340 declaraverat,
599 4281 752 4329 exercitum
772 4294 871 4329 novum
891 4280 925 4329 ad
944 4280 1162 4345 recuperandum
1179 4278 1314 4328 Insubriae
1333 4278 1477 4343 imperium
1497 4280 1548 4328 mi·

251 4366 354 4413 urunt.
391 4360 577 4412 Mediolanum
601 4367 629 4413 et
652 4362 791 4429 pleraque
815 4365 931 4414 ducatus
955 4365 1038 4415 urbes
1058 4364 1146 4417 Gallis
1171 4364 1358 4424 accedebant,
1383 4363 1429 4428 qui
1453 4368 1548 4413 tamen

251 4446 297 4497 die
315 4444 340 4496 6.
355 4447 427 4496 Iunii
447 4463 471 4497 a.
488 4446 561 4498 1513.
580 4447 616 4497 ad
633 4448 783 4499 Novariam
802 4449 836 4498 ab
856 4448 982 4500 Helvetia
1001 4448 1192 4499 Maximiliano
1210 4448 1322 4499 Stortioe
1346 4447 1548 4521 accedentibus

250 4531 320 4581 victi
339 4530 577 4582 Mediolanensem
595 4531 724 4583 ducatum
744 4538 775 4582 ut
793 4532 982 4599 relinquerent
1000 4533 1098 4582 iterum
1119 4535 1229 4583 inerunt
1252 4534 1353 4584 coacti.
1390 4532 1543 4583 Continua-

250 4615 332 4665 batur
350 4617 434 4666 etiam
453 4615 555 4666 bellurn
572 4617 647 4667 inter
659 4618 854 4683 imperatorem
866 4626 894 4667 et
907 4619 1028 4668 Venetos
1042 4623 1069 4667 et
1082 4619 1200 4669 Patauio
1213 4617 1280 4667 licet
1293 4619 1397 4668 frustra
1410 4623 1549 4685 temptato

251 4699 280 4749 bi
298 4701 378 4751 nouis
397 4701 564 4751 Octobribus
577 4700 612 4749 ad
630 4701 808 4752 vincentiam
828 4703 903 4752 cresi.
924 4704 1012 4752 Struv.
1028 4704 1057 4752 in
1075 4704 1187 4753 Maxim.
1202 4705 1222 4752 l.
1238 4706 1261 4765 ξ.
1279 4718 1323 4752 xn.
