3294 5408
164 373 236 443 424
258 402 432 438 unuvrururr
446 401 548 437 cuzuin
562 401 724 438 unrvuruvs
737 400 876 438 noeronm
889 401 1031 438 uuvcumu
1045 401 1325 441 erchamueus
1338 404 1492 440 sueonos.

365 556 465 618 iudice
487 574 546 616 uon
569 557 703 625 modico,
727 558 774 617 cui
797 574 857 617 nou
880 558 1023 618 sententia
1047 574 1192 636 praeeeps

367 658 496 728 Excidit,
520 676 643 720 assensu
666 660 742 720 vires
764 660 920 721 Germania
944 657 1009 720 latau

366 760 484 820 Addidit
507 767 535 820 ct
557 761 633 821 miro
655 761 837 839 Capuionem
861 762 955 822 evexit
976 759 1105 831 honore,

367 862 487 940 lamque
510 861 703 940 triumphales
725 861 809 923 iubet
830 863 1019 923 introducere
1042 881 1161 924 currus.

315 984 353 1023 nui
409 963 493 1024 Dicat
514 963 563 1033 lo,
587 964 611 1024 si
633 982 665 1023 sc
688 964 768 1023 uouit
790 964 962 1034 Germania,
986 964 1078 1033 dicat,

366 1064 500 1142 Totaque
522 1065 551 1124 iu
575 1083 731 1126 occursum
755 1066 897 1145 Capuioni
920 1067 1011 1128 effusa
1035 1062 1187 1145 hequcuti

367 1166 501 1245 Excipiet
521 1165 627 1244 plausu
650 1169 792 1229 rictorem
816 1175 845 1229 ει
866 1167 931 1228 lauta
954 1168 1076 1229 salutet:

367 1268 439 1329 Tam
463 1267 559 1329 honus
582 1271 687 1330 etrite
711 1279 770 1329 tam
793 1270 884 1346 hugi,
908 1277 1007 1330 rectus
1030 1269 1064 1330 ad
1090 1287 1244 1348 unguem,

369 1371 451 1432 Unus
473 1370 561 1431 homo
584 1372 652 1432 vicit
674 1378 716 1431 tot
739 1369 842 1432 millia:
867 1371 968 1440 dicite,
993 1372 1126 1439 Fratres,
1346 1374 1492 1451 {33:15⁸}

317 1494 355 1533 nus
371 1471 454 1534 Unde
477 1479 523 1534 est
544 1478 692 1534 tantarum
716 1472 798 1534 vohis
820 1473 976 1552 prudentia
999 1491 1117 1543 rerum,

370 1575 440 1645 Ouae
463 1574 528 1652 quis
552 1592 620 1635 vera
641 1575 728 1640 sciat.
752 1577 867 1636 nescire
891 1582 923 1635 ut
945 1581 1080 1653 oporteat
1102 1574 1203 1646 illum,

369 1674 454 1736 irrita
476 1675 501 1735 si
523 1674 606 1735 vobis
628 1676 795 1738 videantur?
818 1695 855 1738 au
878 1678 986 1757 impius
1009 1679 1119 1748 omnis,

370 1776 426 1848 Qui
449 1793 508 1836 non
531 1783 575 1837 est
597 1780 702 1848 vestri,
726 1779 839 1840 dicotur
868 1798 981 1849 sermo,
1005 1778 1129 1840 cuculli?
1188 1788 1189 1792 ’

369 1879 413 1939 hu
436 1880 593 1959 quiequam
617 1880 761 1959 estquod
784 1899 836 1942 ros
859 1900 961 1942 rarum
983 1888 1072 1959 atque
1095 1900 1221 1944 neeesse
1245 1886 1378 1954 sciatis,

318 2003 357 2043 uro
373 1979 513 2058 lauriger
535 1982 652 2060 ignoret
675 1984 821 2062 Capuiou,
846 1985 899 2045 uisi
923 1984 959 2044 pe
981 1982 1071 2044 scobe
1093 1985 1118 2043 si
1140 1985 1215 2062 quid
1354 1986 1493 2064 1:5¹3&

370 2082 532 2162 Scripturae
555 2081 680 2162 legitur?
703 2093 807 2145 vestran
830 2092 924 2156 artes,
949 2085 1039 2146 indita
1063 2086 1168 2145 vestris

371 2183 528 2263 Disciplina
550 2186 669 2254 animis,
694 2205 781 2265 quam
804 2205 859 2248 uec
883 2188 998 2248 nescire
1020 2186 1194 2265 pudendum
1219 2195 1272 2249 εει

372 2285 432 2347 Νεε
455 2287 531 2348 scire
553 2288 715 2364 ingenuum
739 2289 783 2350 vel
806 2288 928 2368 agendis
950 2287 1020 2349 utile
1043 2287 1152 2349 rehus't

372 2386 443 2456 Quae
465 2405 515 2447 vos
539 2388 715 2451 Eumenides
736 2392 825 2468 igitur
847 2390 893 2453 vel
916 2393 964 2469 qui
989 2389 1072 2449 iuror
1095 2389 1154 2467 ogit

319 2512 357 2552 ru
372 2490 527 2551 Summum
550 2490 699 2552 homiuem
723 2511 852 2572 pugnam
875 2492 981 2570 lcgissc
1004 2492 1189 2572 potissimum
1213 2493 1253 2553 ad
1279 2495 1394 2558 illam?

372 2591 403 2652 si
425 2599 540 2654 certare
563 2590 636 2654 libet
656 2594 702 2655 rel
724 2597 748 2654 si
772 2613 914 2675 superare
937 2594 1088 2663 docendo,

374 2692 469 2755 Vestri
490 2692 616 2774 aliquem
639 2695 763 2758 similem
786 2697 822 2758 de
846 2704 940 2758 vestra
963 2696 1064 2757 adorto
1087 2695 1196 2763 farina,

373 2794 540 2856 vaecordes!
562 2798 632 2876 quid
655 2800 732 2859 enim
755 2800 871 2878 superis
893 2798 1029 2858 conferre
1051 2799 1161 2877 paratis

372 2897 560 2976 Effractoque
583 2899 681 2960 lovem
704 2902 733 2960 iu
757 2909 851 2962 terras
873 2900 1033 2962 detrudere
1055 2899 1197 2979 Olympo?

320 3024 358 3063 no
373 3000 434 3060 Nec
456 2999 613 3061 cerebrum
637 3001 719 3063 vohis
742 3022 796 3064 nee
819 3012 955 3081 pectora;
979 3003 1079 3064 sanior
1102 3008 1195 3065 esset.

374 3102 549 3180 Quanquam
573 3109 615 3162 tot
637 3103 733 3165 Furiis
755 3105 860 3167 rationi
884 3111 1018 3182 ereptus,
1042 3102 1176 3169 Orestes,

374 3204 494 3272 Senior,
518 3206 649 3265 occisum
672 3224 738 3285 quae
761 3207 890 3269 Penthea
913 3212 1025 3284 portat,
1049 3207 1155 3282 Agave.

375 3306 467 3368 Nemo
490 3308 528 3367 ita
552 3306 677 3375 delimo,
702 3327 789 3369 nemu
813 3328 828 3369 a
851 3326 883 3369 se
905 3306 1018 3369 alienus
1041 3314 1070 3368 et
1092 3313 1175 3368 extra

375 3409 564 3486 Sepositus,
588 3411 637 3488 qui
660 3427 720 3469 nou
743 3428 877 3471 errorem
900 3416 1075 3488 agnosceret
1097 3408 1194 3469 illum:

323 3532 361 3572 aas
375 3512 411 3571 dt
432 3529 538 3591 sapere
560 3510 617 3572 hoc
640 3510 722 3572 vohis
745 3519 789 3580 et,
814 3530 879 3590 quac
901 3512 1049 3573 dementia
1072 3519 1166 3572 vestra
1190 3520 1251 3579 est,

375 3613 479 3673 llentis
502 3632 577 3692 opius
599 3614 691 3674 visum
715 3621 759 3674 εει
782 3632 875 3674 saum:
900 3627 983 3674 ‘nam
1007 3611 1146 3692 Spiritus'
1170 3615 1256 3673 aiunt
1286 3612 1493 3702 {332⁰}ng

375 3714 474 3784 ‘Quod
497 3734 648 3795 uunquam
671 3723 790 3795 poteras
813 3714 873 3776 nilo
896 3715 1033 3776 didicisse
1055 3717 1212 3793 magistro,

376 3817 435 3877 ‘lle
457 3834 540 3879 sacra
564 3820 680 3897 quoties
702 3824 747 3879 est
768 3816 921 3897 relligione
944 3817 1141 3896 loquendum,

376 3918 571 3999 ‘Simpliciter
594 3921 701 3989 doctis,
724 3926 839 3982 tantum
863 3918 1053 3981 credentibus
1075 3916 1180 3980 inilat’.

324 4044 362 4084 uini
377 4020 503 4100 Spiritus
525 4021 583 4082 hoc
605 4024 740 4083 sauctus?
763 4029 843 4083 certe
865 4024 898 4083 is
922 4028 952 4082 at
973 4040 1027 4082 cur
1049 4023 1228 4099 potiusnon

376 4121 519 4201 Quicquid
542 4125 572 4184 in
596 4124 651 4184 hao
674 4124 783 4184 dictum
807 4131 850 4184 ost
872 4143 888 4183 a
911 4121 993 4184 vohis
1015 4123 1066 4183 lite
1088 4121 1253 4184 relectum

377 4224 543 4286 Phantasos
566 4225 622 4286 hoc
643 4225 750 4295 voluit,
775 4227 893 4293 Somni,
916 4225 1096 4304 praedicere,
1121 4224 1226 4292 irater,

240 4414 275 4446 ¹⁵⁰
292 4412 398 4480 Iudico]
418 4414 542 4480 Spirensi
556 4414 695 4479 episcopo.
743 4411 989 4463 ’miciacense
1024 4410 1321 4463 ²⁷⁸Veeordes3.d.7.
1365 4412 1478 4480 mper-

174 4505 236 4550 tora
249 4501 342 4551 sanior
354 4499 420 4563 (eine
434 4497 650 4562 interpunctione)
663 4499 722 4548 edd.
740 4500 789 4548 sed
805 4502 929 4563 pectore,
949 4496 1043 4546 sortior
1056 4500 1079 4546 7.
1113 4495 1233 4559 Tragion
1247 4495 1296 4545 illo
1311 4495 1416 4549 Oreste
1431 4500 1476 4549 de·

174 4587 322 4636 meutiores
346 4587 422 4637 estis.
480 4583 513 4616 ²⁸²
537 4584 641 4648 Agave,
667 4582 765 4632 Cadmi
788 4581 860 4643 filio,
884 4580 1036 4631 Pentheum
1059 4579 1144 4631 filium
1168 4580 1239 4645 quod
1258 4580 1369 4630 Bacchi
1393 4598 1477 4634 sacra

175 4675 378 4733 contemneret,
401 4671 494 4720 furore
518 4673 584 4718 acta
602 4667 728 4717 manibus
750 4681 814 4717 suus
833 4666 1007 4717 dilaceravit
1031 4666 1068 4718 cf.
1083 4682 1105 4717 o.
1119 4680 1158 4731 gr.
1178 4664 1249 4714 Ouid.
1268 4669 1336 4716 met
1349 4666 1402 4718 111.
1414 4666 1474 4718 our.

175 4768 232 4817 sqq.
283 4751 319 4785 ²⁹²
336 4755 379 4804 De
399 4754 442 4804 his
460 4752 554 4802 Somni
573 4752 792 4816 somniorumque
811 4751 892 4803 divis.
911 4751 947 4803 cf.
962 4751 1033 4801 Ouid.
1048 4754 1111 4801 met,
1125 4750 1172 4800 XI.
1186 4748 1245 4800 633.
1260 4764 1322 4815 sqq.
