3294 5408
401 425 524 461 EVTTBM
538 425 568 459 nr
581 422 698 460 loturus
711 425 747 459 D!
760 423 871 460 HVTTEH
884 423 1040 459 rurnnlrvu
1055 421 1240 457 DEPLOBATIO.

328 600 367 640 avo
382 580 418 640 Et
439 598 529 658 super
551 581 680 640 attonitae
702 584 843 658 poterunt
864 577 976 638 dellere
998 575 1149 647 volucrem

379 682 435 742 Hic
456 683 534 761 potis
555 680 705 759 Alpestres
727 678 812 740 dolor
834 680 1028 740 intervertere
1051 698 1157 758 rupee,

381 784 550 845 Hercinium
573 781 688 844 mollire
711 799 830 850 nemus;
854 783 1004 842 miseratio
1026 782 1116 843 duras

380 886 503 948 llloverit
524 883 588 945 haec
611 892 726 953 cautes,
751 886 857 944 iratum
882 885 1022 944 exciverit
1044 902 1146 962 aequor

379 988 580 1066 Adriacosquc
602 987 631 1047 in
654 986 830 1047 seductus:
853 993 896 1057 te,
920 985 1050 1065 perdite,
1075 985 1161 1046 nullae

328 1110 366 1151 ars
382 1087 539 1169 lmpclluut
560 1087 733 1167 lachrymae,
757 1087 845 1149 nullis
867 1087 1032 1166 ploratibus
1053 1088 1113 1147 iras

381 1192 484 1261 l‘onis,
508 1199 540 1250 ut
563 1207 707 1252 exoneres
728 1207 895 1270 possessam
918 1191 1041 1251 crimine
1064 1198 1192 1250 mentem

380 1294 497 1372 Corque
520 1310 611 1371 capax
634 1290 794 1361 scelerum;
817 1293 889 1353 sinis
910 1292 1119 1353 incrudescere
1142 1292 1233 1353 multo

382 1395 572 1455 Contractum
595 1393 686 1454 livore
709 1393 833 1464 malum,
857 1412 914 1455 nec
936 1393 1019 1456 abire
1042 1393 1167 1455 facultas

381 1495 444 1567 Qua
468 1498 568 1575 cupias
591 1494 690 1565 rabie,
712 1502 826 1557 tanturn
849 1496 898 1558 hic
920 1495 1058 1558 efferbuit
1079 1503 1177 1558 aestus.

329 1619 369 1659 aso
383 1600 454 1672 Quae
476 1617 508 1659 se
530 1600 618 1678 igitur
641 1600 755 1677 species
777 1617 835 1678 qua
857 1605 888 1660 tu
911 1600 1067 1660 mitescere
1090 1599 1184 1676 possis

380 1702 454 1762 Tam
476 1707 580 1762 moesta
603 1699 761 1760 obtulerit?
785 1701 859 1761 iacet
881 1719 917 1761 eu
941 1699 1109 1762 miserabile
1131 1701 1193 1760 visu

382 1804 459 1865 Ense
482 1812 532 1864 tuo
555 1801 711 1882 pulchrum
736 1802 793 1863 hoc
816 1801 899 1870 olim,
924 1820 1003 1863 nunc
1024 1802 1168 1879 sanguine
1191 1803 1283 1864 multo

385 1904 422 1965 Et
443 1923 502 1984 quo
525 1906 647 1965 versasti
671 1904 810 1964 foedatum
832 1905 861 1964 in
885 1903 1006 1982 pulvere
1029 1922 1153 1982 corpus:

383 2007 444 2068 Nec
467 2014 566 2067 manet
588 2006 636 2067 ille
659 2006 749 2067 decor
771 2005 816 2066 vel
839 2025 904 2085 quau
927 2005 982 2066 luit
1003 2005 1051 2067 illa
1073 2015 1226 2077 venustas,

331 2129 369 2170 aas
385 2109 489 2171 Omnia
512 2116 618 2170 sunta
641 2127 673 2170 se
696 2114 822 2178 mutata,
846 2106 924 2168 haud
948 2116 1087 2170 nosceret
1108 2112 1194 2170 istam

382 2211 465 2272 lllens
487 2211 614 2272 rediviva
638 2211 759 2271 domum
784 2228 933 2289 quamque
956 2212 1149 2291 inspiraverat
1171 2222 1238 2274 aute

382 2313 507 2374 Carnem
530 2315 654 2373 animus.
678 2311 772 2374 viden'
796 2319 829 2372 nt
850 2311 994 2392 pallorem
1016 2332 1033 2374 e
1055 2331 1181 2392 corpore
1204 2321 1265 2375 loto

382 2414 503 2493 Fugerit
524 2414 572 2476 ille
594 2413 706 2475 ruborl
729 2412 831 2493 quales
852 2416 902 2494 qui
925 2414 1031 2494 pollice
1053 2415 1142 2477 llores

383 2515 520 2594 Virgineo
543 2517 691 2596 quondam
714 2516 840 2578 demessi
863 2514 999 2594 languida
1022 2519 1140 2578 mittunt

330 2637 370 2679 avo
384 2616 527 2679 Paulatim
549 2617 618 2680 lolia
642 2626 670 2680 et
692 2637 782 2679 succo
804 2626 957 2680 arescente
980 2618 1159 2681 recumbunt

302 2739 316 2759 r
382 2719 616 2800 dissimilemque
638 2722 683 2782 sui
706 2720 841 2801 praebent
864 2722 1027 2801 faciemque
1050 2721 1255 2802 coloremque,

383 2822 466 2883 Haud
489 2830 589 2884 manet
610 2821 657 2884 ille
681 2824 762 2903 vigor
785 2825 918 2902 priscus,
943 2841 1039 2901 neque
1062 2842 1186 2903 surgme
1208 2827 1300 2886 dacco

382 2923 471 2985 Caule
494 2932 620 3003 queunt:
644 2925 702 2985 lreu
726 2932 812 3004 turpe
835 2926 931 2995 nefas,
956 2926 1013 2986 heu
1037 2926 1154 2987 inlanda
1177 2946 1383 3007 necunquam

382 3027 447 3087 Visa
471 3028 553 3106 prius
576 3027 691 3098 lenitas,
715 3044 804 3105 quam
828 3026 907 3088 nulla
930 3029 1080 3106 agnoverit
1101 3030 1186 3090 aetas!

331 3149 368 3189 ase
384 3129 465 3190 Hanc
488 3128 539 3190 tibi
563 3129 730 3191 mercedem
754 3129 868 3190 dederit
890 3138 937 3189 tua
962 3129 1084 3191 eandida
1108 3132 1213 3201 virtus,

384 3232 518 3292 lnsonles
540 3232 676 3292 dederint
697 3232 812 3292 moros!
835 3233 991 3300 miserere,
1015 3233 1138 3294 deorum

383 3332 476 3404 Quem
499 3335 594 3410 magis
616 3335 670 3395 ista
694 3335 824 3395 movent!
847 3334 919 3394 sinis
941 3353 978 3394 au
994 3353 1150 3415 superesse
1165 3343 1321 3398 nocentem

383 3436 439 3508 Qui
462 3443 521 3496 tam
543 3443 650 3514 sponte
673 3443 773 3507 uocet,
797 3455 854 3497 nec
877 3438 908 3496 in
932 3435 985 3497 lias
1008 3440 1065 3499 erit
1087 3436 1157 3499 ultio
1181 3439 1318 3500 lraudes?

344 3611 352 3620 ff
381 3540 418 3598 itt
439 3544 468 3599 te
491 3537 596 3600 hostile
620 3555 737 3609 nemus,
761 3539 889 3607 iuvenis,
911 3547 1070 3619 sontesque
1093 3540 1236 3603 tenebunt

330 3658 369 3701 aoo
384 3639 469 3701 eade
491 3647 539 3701 tna
562 3648 665 3709 terrae,
691 3658 745 3701 nec
767 3660 833 3720 qum
856 3641 907 3702 tibi
930 3641 1082 3702 clauderet
1104 3644 1175 3702 istos

381 3742 536 3821 Expiranti
558 3741 660 3803 oculos
683 3744 791 3803 coniux
815 3745 870 3804 luit
891 3752 941 3804 aut
963 3742 1016 3803 tibi
1040 3743 1138 3806 lumen

383 3844 511 3905 Poneret
532 3845 657 3905 admotae
680 3845 785 3922 refugo
808 3846 865 3905 iam
888 3847 1031 3924 sanguine
1054 3846 1180 3918 dextre,

383 3946 499 4007 diceret
521 3954 685 4007 extremum
709 3955 845 4008 contacto
869 3949 978 4008 vertice
1001 3966 1151 4019 murmur,

381 4048 536 4108 llluudaret
557 4050 684 4110 tumidas
706 4049 840 4110 absterso
864 4049 1006 4127 sanguine
1029 4049 1138 4128 plagas.

331 4171 369 4210 aaa
383 4150 420 4210 dt
441 4169 510 4220 nos,
534 4169 599 4229 quae
621 4159 756 4229 superest
779 4154 871 4229 pietas
895 4170 1019 4230 quaeque
1042 4154 1108 4212 uua
1122 4154 1257 4221 facultas,

382 4253 523 4313 Mittimus
545 4253 679 4324 inferias,
704 4262 734 4315 et
755 4255 850 4332 siquid
874 4252 960 4314 thura
984 4272 1147 4335 precesque

245 4521 277 4555 ²⁷¹
310 4521 463 4590 Alpestres]
487 4522 612 4590 Alpinas.
634 4528 699 4575 solet
723 4527 821 4590 aliquid
840 4527 936 4576 eredere
961 4532 1048 4589 poeta.
1126 4525 1160 4558 ²⁷³
1184 4527 1300 4592 impoli]
1326 4531 1474 4578 immulant

176 4625 246 4658 corr.
260 4614 289 4658 11.
361 4609 514 4672 lacrym.3.
583 4606 618 4641 ²⁸⁵
637 4625 654 4658 a
672 4624 701 4659 ec
721 4608 798 4675 mut]
823 4618 848 4660 ut
869 4612 1010 4675 ‘quantum
1034 4615 1154 4661 mutatus
1178 4613 1213 4661 ab
1232 4611 1288 4661 illo'
1312 4614 1472 4676 Verurlon.

176 4693 215 4742 11.
228 4694 288 4744 274.
342 4694 421 4745 Mens
439 4693 497 4744 red.
512 4691 551 4758 dl
573 4695 667 4744 anima
685 4696 714 4744 in
732 4710 808 4746 suurn
829 4711 927 4762 corpus
946 4696 1064 4746 rediens.
1122 4693 1157 4727 ²⁸⁵
1174 4694 1301 4763 Fugerit]
1323 4698 1340 4747 i.
1355 4713 1379 4747 e.
1394 4698 1473 4764 iuga·

176 4778 222 4828 rit.
276 4777 309 4810 ²⁹³
328 4783 406 4844 turpe
426 4783 482 4830 1.2.
502 4781 581 4830 triste
599 4787 629 4831 Η.
681 4778 714 4812 ²⁹⁹
733 4780 840 4850 nemus]
858 4781 1054 4849 Biiblingensc.
1107 4781 1140 4816 ³⁰¹
1159 4782 1327 4853 Expirantes
1346 4786 1372 4836 3.
