3294 5408
635 722 812 786 pausatio
834 716 993 787 ElllTOlilS.

235 878 289 941 Qui
311 894 397 944 nuper
414 878 530 928 Hutteni
553 879 641 928 vitam
664 880 791 944 scripsit,
816 879 991 929 doctissimus
1012 877 1105 928 David
1124 878 1300 930 Fridericns
1320 877 1486 939 Strsussius,

167 964 201 1013 de
219 963 301 1013 huius
318 962 462 1029 Triumphi
482 968 608 1025 auctore,
633 969 722 1013 utrum
745 965 770 1013 is
787 964 962 1013 Hermanuus
980 962 1117 1013 Buschius
1142 978 1180 1014 an
1201 964 1326 1015 Ulricns
1344 965 1485 1015 Huttenus

167 1049 265 1110 inerit,
290 1048 435 1114 disputans
454 1048 491 1111 (1.
505 1064 532 1113 p.
546 1046 604 1098 216.
618 1047 693 1112 sqq.)
718 1047 872 1098 rationibus
897 1052 925 1098 et
948 1049 1118 1114 argumentis
1142 1053 1256 1099 tantum
1276 1064 1339 1100 uon
1358 1049 1484 1100 omuibus

168 1134 243 1196 (nam
262 1133 351 1185 adhuc
369 1133 462 1184 omnia
480 1147 560 1183 nemo
579 1133 705 1183 conterre
723 1131 826 1201 potest)
846 1148 906 1199 quas
925 1148 974 1201 pro
994 1133 1081 1184 altem
1097 1134 1161 1183 utro
1181 1133 1312 1199 iaciunt,
1332 1132 1425 1185 mults
1442 1133 1481 1183 di·

168 1217 284 1285 ligentia
302 1222 331 1268 et
348 1217 509 1283 sagacitate
529 1217 649 1267 conlatis
662 1219 716 1268 sibi
730 1218 849 1283 denique
862 1219 1001 1284 persuasit
1013 1219 1166 1268 Huttenum
1180 1218 1300 1283 quidem
1315 1219 1452 1269 carminis
1463 1235 1479 1267 s

168 1303 288 1354 Buschio
302 1303 386 1369 eoepti
399 1302 581 1368 principalem
595 1308 735 1353 auctorem
750 1318 823 1361 esse,
837 1304 886 1353 scd
904 1302 985 1357 ‘titus
997 1302 1041 1375 [ld
1054 1303 1096 1367 llll>
1108 1301 1178 1366 molal
1192 1316 1236 1356 am
1249 1301 1393 1370 [eisteten
1408 1302 1477 1368 butu

168 1385 435 1457 claustraclaustra,
455 1386 503 1452 bela
523 1387 560 1442 bie
579 1386 686 1453 muttit,
705 1387 753 1444 tute
771 1389 803 1453 [a
820 1387 871 1455 ieqt
889 1399 936 1442 unt
954 1391 1006 1443 ura
1025 1387 1093 1456 lisqt,
1111 1386 1234 1453 mittent
1254 1387 1301 1440 brt
1321 1387 1377 1441 niet
1395 1387 1476 1453 gebu

167 1472 275 1537 [1514...
290 1471 385 1538 15181,
405 1472 443 1526 bie
461 1473 493 1539 tie
511 1471 540 1527 ia
557 1473 603 1526 aa
616 1470 823 1540 humanitatum
835 1471 937 1536 maiam
949 1471 1048 1536 uertici,
1061 1483 1112 1526 uon
1124 1470 1317 1537 usrlqistcuca
1330 1471 1474 1535 bassaus

168 1556 334 1611 iibttatbelltt
347 1558 448 1612 tuotbttt
461 1555 517 1622 lt'I'3
538 1556 707 1622 eandemque
720 1558 888 1608 sententiam
900 1559 930 1606 in
942 1556 995 1607 fine
1008 1556 1074 1607 libri
1092 1555 1139 1620 (Π.
1152 1573 1178 1623 p.
1193 1554 1268 1620 369.)
1287 1557 1472 1624 Triumphum

168 1643 241 1693 inter
259 1659 293 1692 ea
311 1645 424 1709 scripta,
443 1657 503 1707 qnae
515 1642 640 1692 Hutteno
659 1648 708 1692 aut
725 1647 785 1693 tota
803 1658 856 1692 non
875 1647 924 1692 aut
941 1658 995 1692 non
1007 1646 1067 1692 teta
1080 1641 1269 1693 adscribenda
1284 1647 1392 1706 essent,
1413 1659 1474 1693 cou-

167 1727 284 1778 locando
302 1727 425 1793 repetiit.
460 1728 565 1777 Fateor
583 1729 612 1776 in
630 1727 713 1778 simili
733 1728 878 1794 opinione,
904 1742 966 1778 eum
985 1725 1140 1778 Straussius
1163 1727 1316 1787 scriberet,
1343 1744 1389 1778 me
1409 1744 1472 1792 quo·

168 1828 219 1877 que
239 1811 337 1875 fuisse,
363 1813 488 1877 quamvis
508 1811 550 1862 ‘de
569 1813 686 1864 diversis
705 1813 865 1863 auctoribus
883 1828 981 1878 poema
1000 1811 1226 1863 retractantibus'
1244 1827 1304 1863 non
1322 1828 1471 1864 consense-

168 1899 218 1947 rim
237 1912 298 1947 eum
316 1897 496 1948 concederem
516 1898 626 1948 indiciis
650 1899 831 1964 vestigiisque
855 1898 1038 1948 demonstrari
1062 1894 1130 1961 „bah
1147 1895 1244 1963 ,buitta
1264 1897 1309 1951 bct
1327 1895 1471 1952 dltbatttur

168 1983 219 2036 trab
238 1981 289 2037 root
308 1982 366 2044 atreb
380 1981 581 2049 beaptuettohet
594 1983 634 2036 ber
648 1982 843 2052 nrttbuiirbiqea
856 1981 961 2046 &built
981 1981 1043 2046 bide
1056 1980 1177 2051 iibriqeat
1190 1980 1244 2034 cias
1257 1979 1316 2044 itm
1330 1982 1379 2036 mil
1392 1982 1470 2047 butu

168 2066 332 2136 qemeialcme
351 2066 440 2122 utum
459 2065 504 2133 [ri3
528 2079 581 2121 uua
599 2067 734 2132 litaturus
747 2067 911 2133 Ttirsmpbut
936 2066 964 2131 itt
983 2066 1060 2128 tabet
1079 2067 1136 2132 curt>
1156 2065 1236 2131 [uitet
1253 2065 1322 2130 nieht
1341 2067 1415 2133 mehr
1433 2068 1470 2121 tic

168 2151 261 2217 atate&
282 2157 329 2203 aut
348 2168 408 2203 cum
427 2153 576 2204 scriberem
596 2152 660 2216 (vol.
671 2152 696 2201 -Ι,
710 2170 736 2219 p.
749 2151 808 2203 236.
823 2154 840 2203 i.
855 2153 886 2216 f.)
906 2168 1019 2202 carmen
1038 2166 1179 2202 commune
1197 2151 1317 2202 Buschii
1336 2154 1468 2204 Hutteni·

168 2252 219 2303 que
233 2254 301 2305 opus
313 2237 410 2289 videri.
442 2252 513 2288 nunc
527 2242 619 2288 antem
633 2238 811 2305 Triumphum
824 2239 942 2289 Hutteni
960 2253 1028 2303 epus
1046 2252 1116 2295 esse,
1135 2237 1210 2299 (nam
1227 2236 1262 2286 de
1281 2237 1346 2303 ipso
1358 2239 1467 2289 Reueh-

167 2323 224 2372 lino
243 2328 355 2373 auctore
375 2338 453 2374 nemo
471 2338 555 2373 sanus
572 2321 655 2373 hodie
674 2323 818 2390 cogitarit,
838 2328 914 2389 puto,
933 2337 1023 2387 neque
1036 2321 1060 2372 si
1072 2322 1148 2372 illius
1161 2321 1196 2372 ad
1209 2321 1467 2390 Questeubergiurn

168 2408 322 2474 epistulam,
342 2424 426 2475 supra
443 2408 497 2459 vol.
510 2410 532 2459 I.
547 2425 573 2474 p.
586 2405 645 2458 458.
659 2423 699 2473 sq.
713 2410 870 2475 repetitam,
890 2423 944 2457 nen
962 2406 1089 2473 legisset)
1108 2422 1162 2457 nou
1174 2421 1256 2457 secus
1269 2415 1359 2474 atque
1371 2415 1468 2461 cetera

167 2493 326 2544 indubitata
343 2494 461 2544 Hutteni
479 2498 621 2559 poemata,
641 2493 709 2543 mihi
726 2494 911 2544 deliberatum
930 2494 1164 2558 constitutumque
1183 2496 1242 2555 est;
1259 2508 1353 2558 neque
1372 2498 1467 2545 tamen

166 2593 249 2628 unum
260 2578 410 2629 alterumve
423 2577 513 2628 locum
523 2577 568 2628 vel
581 2592 689 2628 versum
703 2585 751 2628 aut
762 2580 883 2644 ipsorum
895 2579 1045 2628 amicorum
1058 2579 1190 2643 scriptum
1199 2592 1300 2643 poema
1312 2577 1467 2645 legentium

168 2663 419 2714 conmonitiouibns
437 2664 504 2713 moti
522 2669 570 2713 ant
587 2662 659 2713 ultro
678 2664 857 2713 retractantis
875 2665 997 2713 auctoris
1016 2662 1224 2713 emendationes
1243 2668 1391 2728 expertum
1405 2679 1466 2715 esse

167 2750 327 2815 negaverim
346 2747 421 2810 (nam
439 2747 532 2798 limam
544 2763 599 2799 non
611 2749 760 2799 recusabat
771 2748 938 2814 Huttenus);
958 2748 1084 2798 centonis
1102 2751 1151 2797 aut
1169 2747 1362 2798 consarcinati
1374 2750 1468 2814 operis

168 2834 301 2896 sormam,
318 2831 427 2898 qualem
439 2833 581 2898 Epistulas
600 2834 776 2884 obscurorum
789 2834 908 2885 chorum
926 2833 1030 2899 passim
1048 2832 1164 2898 prodere
1182 2836 1260 2884 reete
1278 2834 1343 2898 quis
1355 2833 1465 2895 dixerit,

166 2919 193 2968 in
212 2918 362 2985 Triumpho
382 2933 462 2969 neme
481 2924 547 2983 puto
560 2919 761 2985 deprehendet,
781 2920 859 2969 euius
872 2919 1044 2970 continuatio
1064 2922 1092 2968 et
1104 2922 1181 2968 tenor
1199 2932 1234 2968 ae
1247 2918 1340 2969 series
1353 2923 1411 2968 tam
1424 2935 1466 2968 re-

167 3020 225 3054 rum
243 3019 324 3070 quam
342 3004 488 3055 verborum
507 3019 560 3054 non
579 3004 667 3054 minor
680 3020 731 3055 nee
750 3005 840 3054 minus
858 3003 975 3069 simplex
995 3007 1023 3052 et
1036 3002 1187 3065 naturalis,
1206 3001 1363 3061 sinciaco.
1384 3019 1466 3069 quam

167 3095 320 3141 ceterorum
333 3089 452 3139 Hutteni
464 3088 625 3154 scriptorum
639 3091 759 3140 omnium
772 3095 823 3140 est.
848 3089 890 3139 De
903 3088 1059 3139 Buschiane
1069 3086 1217 3154 Triumpho
1228 3087 1393 3154 Cspnionis,
1407 3089 1466 3138 sire

165 3174 199 3224 de
218 3176 327 3225 ratione
346 3177 374 3224 et
393 3172 487 3224 ordine
505 3174 565 3224 sive
584 3173 618 3223 de
637 3176 718 3224 metri
737 3189 839 3240 genere
857 3175 917 3225 sive
936 3175 971 3225 de
990 3175 1051 3240 ipss
1069 3188 1159 3224 rerum
1177 3172 1370 3238 descriptione
1384 3188 1464 3239 argu-

166 3260 307 3324 mentique
327 3260 498 3325 expositione
517 3274 639 3324 quaeras,
660 3258 742 3324 plane
761 3259 832 3308 nihil
850 3264 972 3322 constat,
997 3259 1115 3309 carmini
1132 3256 1277 3309 subdecii
1293 3258 1399 3309 Neobii
1418 3274 1465 3309 no·

166 3345 239 3394 ariae
262 3344 367 3408 scripte
391 3343 542 3395 adhaesisse
560 3345 678 3396 Hutteni
701 3345 872 3410 epigramma
897 3343 1084 3411 extemporale
1107 3359 1141 3394 ex
1164 3358 1218 3394 uno
1240 3347 1314 3393 teste
1335 3343 1465 3394 Conrado

166 3429 290 3479 Matiane
309 3427 377 3492 (vol.
390 3430 413 3479 1.
427 3446 452 3494 p.
465 3428 507 3480 31.
521 3443 561 3494 sq.
576 3446 603 3479 n.
616 3423 704 3480 XVII.
718 3427 848 3492 XVIIII.)
867 3429 983 3492 scimus,
1010 3444 1070 3494 quae
1093 3429 1186 3480 omnis
1202 3427 1269 3478 huic
1288 3434 1386 3479 nostro
1404 3429 1466 3478 Tri·

166 3514 274 3580 umpho,
294 3529 374 3580 quem
392 3529 472 3564 nemo
491 3515 607 3579 aequalis
626 3516 707 3566 testis
725 3515 842 3566 Hutteni
860 3530 915 3564 nou
933 3530 994 3566 esse
1013 3515 1092 3577 dixit,
1112 3529 1166 3565 nou
1184 3513 1365 3564 conveniunt.
1396 3513 1464 3565 illud

166 3600 280 3649 Buschii
299 3615 410 3666 poema,
436 3604 580 3665 postquam
599 3601 683 3650 amici
701 3614 784 3650 manu
802 3600 946 3665 seriptum,
969 3615 1025 3650 non
1042 3602 1117 3664 typis
1135 3598 1304 3663 descriptum
1323 3597 1463 3664 legerent,

167 3685 312 3736 evanuisse
332 3690 411 3751 puto,
437 3686 507 3735 sorte
530 3687 590 3752 ipso
608 3686 780 3736 Hutteniano
799 3685 937 3751 triumpho
957 3685 1069 3734 inritum
1089 3683 1206 3746 lactum3
1229 3682 1351 3733 Hutteni
1370 3689 1463 3735 sutem

166 3771 336 3835 epigramma
355 3775 403 3820 aut
421 3786 482 3820 eum
500 3771 586 3821 Accio
604 3771 709 3822 Neobio
728 3768 884 3821 oblitterari
903 3775 951 3820 aut
970 3769 1034 3820 aliis
1052 3769 1145 3820 verbis
1169 3773 1335 3833 conceptum
1354 3769 1383 3818 iu
1402 3785 1463 3819 car-

165 3870 229 3904 men
252 3855 331 3905 uobis
355 3860 495 3907 servatum
518 3855 603 3906 facile
627 3856 746 3906 transire
770 3856 867 3920 potnit.
904 3855 1002 3920 Itaque
1026 3869 1087 3904 cum
1105 3853 1221 3904 Eobano
1245 3851 1311 3916 (vol.
1325 3853 1349 3903 1.
1362 3870 1389 3919 p.
1403 3853 1461 3903 240.

167 3955 192 3988 u.
207 3939 262 3990 CV.
277 3940 314 3990 cl.
327 3957 354 4006 p.
368 3939 426 3991 238.
440 3957 465 3992 v.
480 3941 521 3991 24.
536 3940 606 4006 sqq.)
631 3942 685 3991 iam
709 3956 765 3991 uon
788 3941 884 3990 dubIto
909 3939 1027 4006 amplius
1045 3939 1198 3988 Huttenum
1221 3936 1396 4003 triumphare
1414 3955 1463 4004 pro

166 4024 322 4090 Capnioue,
342 4026 506 4091 penitusque
525 4027 663 4076 Huttenus
682 4031 775 4076 noster
794 4026 885 4075 sactus
904 4032 946 4075 est
963 4023 1153 4087 Eleutherius,
1173 4023 1298 4087 quamvis
1316 4022 1404 4074 nolim
1423 4027 1462 4073 iu-

166 4126 227 4159 rare
247 4126 308 4161 cum
326 4111 429 4175 licaeo,
455 4112 501 4176 qui
525 4110 602 4161 nulla
626 4111 683 4162 alia
706 4111 739 4160 de
759 4127 845 4162 causa
863 4109 1018 4177 paulisper,
1042 4109 1130 4159 donec
1148 4107 1267 4173 legeret,
1292 4107 1463 4159 de=aueters

165 4195 307 4246 dubitasse
326 4197 448 4258 videtur,
469 4212 549 4261 quam
569 4197 640 4261 quod
658 4197 776 4246 Hutteni
794 4197 917 4246 carmine
936 4196 991 4246 sibi
1009 4194 1103 4245 oblato
1121 4193 1239 4244 similem
1256 4193 1405 4260 Triumphi
1423 4196 1461 4243 in·

165 4281 343 4345 scriptionem
362 4287 444 4346 atque
458 4280 523 4332 olim
537 4297 554 4331 a
571 4297 601 4332 se
614 4281 703 4332 lectus
715 4280 829 4331 Buschii
841 4279 1007 4346 Triumphus
1020 4283 1147 4345 gesserat
1164 4276 1228 4340 (vol.
1242 4278 1264 4328 1.
1279 4293 1306 4328 n.
1320 4279 1461 4341 xvll11.),

166 4367 354 4431 conspiceret,
380 4366 539 4431 similesque
558 4368 654 4432 opinor
673 4381 768 4416 versus
786 4366 926 4429 heroicon,
951 4365 1097 4430 simileque
1116 4363 1188 4429 quod
1205 4379 1249 4413 res
1268 4363 1331 4428 ipss
1352 4364 1462 4414 terebat

166 4455 372 4516 argumentum:
396 4452 469 4502 inter
492 4466 612 4501 mensem
631 4453 782 4517 Augustum
802 4467 827 4501 a.
843 4449 916 4501 1514.
937 4465 989 4515 quo
1007 4450 1122 4501 Buschii
1139 4448 1319 4514 Triumphum
1342 4449 1460 4509 viderat,

166 4540 194 4584 et
211 4535 359 4587 lectionem
378 4537 545 4587 Ilutteuiani
564 4537 694 4587 carminis
712 4537 843 4586 Eobanus
861 4541 902 4585 tot
920 4541 1048 4602 poemata
1065 4535 1175 4602 legerat
1192 4535 1414 4601 scripseratque,
1433 4539 1463 4582 ut

166 4619 250 4669 facile
274 4637 327 4670 urm
350 4629 486 4672 momento
510 4622 543 4670 de
567 4622 731 4672 diversitate
754 4621 862 4672 illorum
885 4622 997 4672 duorum
1022 4622 1171 4671 carmInum
1200 4621 1325 4670 incertus
1354 4619 1460 4669 haerere

164 4710 266 4768 posset.
289 4701 431 4771 'equidem
454 4712 485 4754 at
502 4707 654 4756 Huttenum
679 4708 811 4757 carminis
830 4712 971 4758 auctorem
991 4722 1051 4757 esse
1071 4721 1132 4756 cum
1151 4704 1266 4756 Eobane
1284 4691 1359 4755 nnuc
1378 4705 1457 4755 adtir-
