3294 5408
263 400 336 470 422
356 427 528 465 anvrmtun
543 424 646 462 uuam
660 424 822 461 TRIVHPEVS
835 422 974 460 mucronis
987 423 1129 460 uvcnurs
1144 422 1594 462 s.101.cA1’11101t1urtcouros.

466 584 577 661 lmpete
600 598 778 660 congressus
800 579 909 640 lundit:
934 579 1045 639 vidistis
1067 585 1187 640 euntem

466 685 575 745 Fronte
598 681 717 752 bumili,
742 683 833 751 eires,
857 681 979 743 audistis
1002 679 1163 742 humillima
1186 680 1286 744 rerba

465 783 591 847 llitlieuli
614 786 731 863 eapitis,
755 786 858 863 utqui
881 783 921 844 nil
944 783 1035 845 blarte
1058 781 1170 845 ualeret

467 887 583 949 Fraude
605 905 679 946 nora
703 893 831 964 peteret,
855 885 982 946 demisso
1005 884 1045 946 ibi
1068 885 1200 964 pertidus
1224 904 1302 957 ore,

420 1012 456 1053 mo
470 988 612 1058 Pallidus,
637 988 771 1048 informis
794 989 973 1067 (quanquam
997 994 1042 1048 est
1063 987 1121 1048 hoe
1143 988 1279 1067 semper)
1308 998 1342 1050 et
1367 1000 1438 1052 atra

466 1090 586 1153 Flebilis
607 1092 638 1151 in
662 1091 775 1161 tunica,
799 1089 960 1150 monaebos
982 1089 1055 1158 adit,
1079 1088 1157 1150 baud
1180 1090 1223 1151 ita
1247 1090 1326 1152 laeti

466 1194 604 1272 lgnaros,
629 1200 661 1253 ut
683 1190 783 1272 Apella
806 1190 875 1252 dolo
898 1192 1068 1270 protendit,
1093 1198 1126 1250 ut
1147 1193 1202 1270 ipsi

467 1296 531 1357 lloe
552 1293 700 1356 simulant.
723 1301 794 1354 tunc
817 1292 887 1354 lalsa
911 1301 1009 1354 movet
1031 1293 1182 1355 miseratio
1205 1293 1341 1358 Fratres
1463 1296 1592 1382 &3¹25

467 1398 611 1459 Continuo
634 1406 663 1458 ct
684 1394 794 1457 bellum
818 1395 960 1475 Capnioni
984 1397 1067 1456 triste
1088 1396 1258 1466 minantur,

416 1522 453 1562 ms
467 1499 503 1561 Ni
525 1500 609 1579 siqua
633 1498 764 1560 ediderat
786 1497 905 1559 damnet
927 1497 1109 1577 verbumque
1131 1505 1292 1560 retractet:

467 1602 539 1664 Esse
561 1600 669 1681 aliquid
693 1601 835 1680 seriptum
859 1599 1025 1661 damnabile
1047 1617 1139 1679 seque
1160 1600 1274 1678 peritos

466 1704 541 1765 lline
563 1702 632 1764 inde
654 1709 789 1782 arreptos
811 1703 890 1763 varie
912 1702 1080 1763 distendere
1102 1719 1207 1763 sensus

467 1806 503 1867 Et
524 1812 690 1867 monstrare
712 1805 808 1874 nefas,
834 1823 980 1884 quemque
1002 1805 1182 1883 ignoraverit
1204 1805 1269 1884 ipse

466 1906 573 1969 Eluere
596 1924 748 1977 errorem,
773 1906 852 1969 solos
875 1925 906 1968 se
929 1924 1053 1968 cernere
1075 1923 1193 1977 verum,

415 2033 453 2074 roo
467 2009 559 2090 ldque
582 2009 619 2070 ab
642 2028 674 2071 se
696 2011 798 2088 quaeri.
823 2016 910 2088 negat
933 2007 980 2070 ille
1004 2027 1133 2079 errasse,
1157 2015 1281 2087 paratur

465 2111 623 2183 ludicium,
647 2120 764 2173 accusat
788 2111 967 2191 Capnionem
991 2118 1020 2172 et
1041 2111 1249 2174 iudiealidem
1395 2116 1594 2197 flmm-

465 2216 542 2275 Acer
564 2214 775 2293 llogostratus,
800 2214 916 2292 seriptis
938 2232 1057 2293 quoque
1079 2212 1185 2276 laedere
1208 2225 1378 2292 quaerunt:

466 2316 601 2378 dilexere
623 2316 715 2379 Ubios
738 2316 875 2376 Fratrum
899 2316 935 2376 ad
958 2334 989 2376 se
1012 2323 1107 2396 empta
1131 2315 1303 2394 Sophistas,

469 2420 530 2481 Una
554 2436 657 2480 omnes
680 2436 769 2479 ruere
792 2425 822 2480 et
843 2435 971 2497 pugnam
995 2420 1122 2479 miseere
1144 2419 1256 2498 parati:

415 2544 454 2585 ros
468 2521 596 2583 Pallidus
618 2523 649 2582 in
672 2521 775 2600 primis
798 2527 827 2580 et
850 2519 938 2582 olenti
960 2520 1117 2600 Tungarus
1139 2536 1192 2580 ore
1458 2526 1591 2610 lnam«.

467 2623 551 2688 Ultro
574 2622 679 2683 scribit
700 2640 791 2702 opus,
816 2623 863 2683 cui
885 2622 1032 2702 putidiore
1055 2622 1184 2683 Minerva

467 2726 575 2788 Ebrius
598 2725 738 2786 Ortviuus
760 2723 874 2786 scabris
896 2743 928 2786 se
952 2724 1084 2786 versibus
1106 2725 1203 2794 addit;
1472 2734 1591 2813 lom-,m

469 2828 580 2891 Deinde
602 2827 650 2889 alii
673 2834 796 2888 certant.
841 2827 901 2887 llos
924 2833 973 2899 tu,
996 2827 1175 2908 Chrysippo,
1199 2828 1320 2891 bleueni

469 2933 534 2993 b'on
557 2930 647 2992 addes
669 2928 799 3010 populo?
822 2927 865 2990 rel
888 2947 946 2989 non
970 2929 1122 2991 damnabis
1144 2937 1245 3009 aperte

418 3035 627 3098 arotlstensum
651 3030 729 3092 nulla
751 3034 890 3112 Anticyra
913 3030 1065 3111 purgabile
1088 3033 1185 3093 virus?

467 3135 636 3199 llidieulum
659 3132 768 3195 bellum
792 3133 861 3195 illud
886 3143 964 3203 erat;
988 3134 1038 3196 sed
1063 3135 1174 3214 grande
1197 3135 1365 3213 periclum,

468 3239 502 3300 lli
526 3237 622 3298 latuos
644 3255 733 3297 ausus
755 3244 784 3297 et
806 3236 1022 3298 dementissima
1046 3243 1140 3315 eoepta

466 3342 619 3419 Ingenium
642 3346 778 3418 notaeque
802 3340 854 3399 viri
878 3339 1012 3400 laeundia
1035 3339 1129 3400 laudis

467 3441 610 3506 Ostendat
631 3443 758 3511 eunetis,
784 3443 928 3522 Capnioni
950 3440 1078 3503 instabat
1101 3448 1131 3503 et
1152 3442 1229 3518 ignis

417 3565 456 3606 ns
471 3547 579 3608 Caussa
602 3543 776 3624 gerebatur,
799 3562 888 3623 qtraur
911 3562 970 3623 quo
993 3545 1128 3623 graviore
1150 3541 1262 3623 pericli>

466 3647 539 3710 llem
563 3647 704 3717 coniecit,
728 3664 763 3707 eo
786 3647 898 3707 devicto
921 3645 1015 3707 laetior
1037 3647 1123 3708 boste

466 3751 548 3811 [licat
571 3750 617 3819 lo,
641 3751 665 3810 si
688 3767 720 3809 se
744 3749 824 3808 novit
847 3749 1018 3822 Germania,
1043 3749 1128 3810 dieat.

530 3851 643 3913 Fletum
666 3849 844 3920 lleraelites,
868 3852 960 3912 risum
983 3850 1168 3912 llenrocritus
1190 3852 1246 3912 iret
1392 3853 1574 3939 {ww

330 4106 360 4140 ¹⁹¹
382 4107 533 4158 monachus
553 4111 577 4157 l.
638 4105 670 4138 ¹⁹⁵
688 4107 712 4156 si
732 4121 792 4171 quaa
812 4109 871 4156 Μ.
896 4106 956 4156 Nisi
975 4121 1035 4172 quae
1056 4110 1078 4155 7.
1138 4105 1272 4156 [ediderat
1291 4109 1352 4156 34.
1409 4106 1446 4141 ¹⁹⁸
1467 4124 1570 4175 quenq3

262 4196 318 4242 1.2.
340 4208 466 4258 quenque
485 4196 542 4242 bd.
592 4191 622 4225 ¹⁹⁹
641 4191 700 4242 solo
714 4195 738 4242 4.
791 4186 903 4256 ²⁰⁰ille]
923 4191 1036 4252 Noster,
1057 4190 1190 4256 Cepnion.
1237 4187 1268 4221 ²⁰¹
1288 4189 1569 4244 Indicium1.2.5.6.

259 4275 292 4310 '⁰¹
311 4278 497 4344 Hogostrotus
515 4276 576 4341 (una
588 4277 611 4342 t)
629 4283 719 4328 contro
737 4293 812 4343 quum
830 4277 900 4341 quod
915 4278 1005 4333 soient,
1023 4276 1047 4325 b.
1061 4279 1076 4326 l.
1091 4276 1183 4326 babent
1200 4278 1275 4324 etlam
1288 4278 1311 4325 t.
1320 4278 1344 4324 2.
1353 4280 1378 4329 5.
1398 4276 1567 4342 Hogostrot·

260 4367 305 4413 tus
319 4365 378 4413 Μ.
424 4361 459 4395 ¹⁰⁵
476 4363 609 4428 imprimis
623 4365 711 4412 3.4.7.
758 4360 791 4394 ²⁰⁸
810 4361 880 4424 „hoc
900 4375 1006 4426 quoquo
1024 4359 1122 4425 volgus
1138 4359 1141 4424 Ι
1157 4360 1326 4426 Chrysippus
1345 4361 1427 4426 pouit
1447 4363 1568 4413 fecunda

259 4447 288 4497 in
307 4452 390 4513 gente
409 4449 546 4499 Meneni''.
565 4450 633 4498 lior.
647 4452 698 4497 snt.
713 4447 749 4497 11.
764 4446 788 4498 3.
802 4455 896 4512 seseq.
911 4462 970 4496 eum
983 4444 1115 4510 Porphyr.
1129 4445 1216 4497 schol.
1278 4442 1312 4477 ‘⁰⁰
1330 4462 1394 4511 pop.
1407 4445 1498 4512 Mem]
1512 4449 1565 4497 ine-

261 4531 424 4598 pto,stulto.
476 4531 510 4565 ²¹⁰
527 4530 628 4599 Antio]
653 4549 700 4598 pro
724 4532 882 4595 helleboro,
907 4533 952 4598 qui
977 4533 1004 4581 in
1024 4546 1058 4582 eu
1081 4531 1165 4581 rueris
1182 4531 1279 4597 Aegaei
1302 4530 1395 4581 insula
1420 4530 1565 4584 laetissime

260 4619 393 4668 nuscitur.
452 4614 851 4684 ²¹⁴ignis1bmreseospoenn.
920 4615 953 4649 ²¹⁵
972 4617 1063 4668 Causa
1083 4620 1172 4667 3.s.7.
1231 4613 1264 4647 ²¹⁸
1283 4615 1446 4668 Heracliles
1463 4624 1566 4669 temere

260 4702 314 4752 sibi
333 4702 402 4753 feeit
421 4707 517 4753 auctor
535 4719 568 4752 ex
583 4692 773 4767 Ἡράκλειτος.
797 4703 841 4753 lta
862 4703 964 4754 ‘Risum
975 4700 1129 4753 Heraclitae
1145 4702 1195 4752 est'
1207 4700 1307 4767 incipit
1317 4701 1493 4767 epigramma
1506 4719 1565 4769 ptr·

260 4786 296 4836 tis
313 4786 350 4836 11.
363 4787 547 4852 Epistularum
567 4786 599 4836 0.
613 4788 645 4837 V.
