3294 5408
266 421 339 492 466
375 447 617 486 arronvnamnm
628 447 734 484 crunni
745 446 1310 485 areisanssxvsn.n1aaon.nrrrrurar·r
1320 446 1439 484 cavan.
1453 445 1591 482 cancros.

264 613 369 667 nostris
392 608 544 672 abiecistis.
568 617 609 666 sat
624 608 773 684 praestigiis
795 616 823 663 et
839 607 965 663 Romanae
988 609 1191 681 superstitionis
1215 606 1450 664 fascinatoribus
1473 622 1589 664 conem-

266 713 325 752 sum
349 703 405 752 est:
427 695 523 751 cedant
547 702 587 749 tot
610 694 751 768 planorum
775 696 854 754 aviae,
878 693 993 767 prodeat
1015 693 1121 748 tamdem
1142 693 1284 749 Christus!
1309 692 1411 766 caligo
1428 693 1531 750 abacta
1546 702 1588 748 est

266 789 293 837 et
315 781 415 837 oborto
438 781 560 836 veritatis
582 778 683 835 lumine
705 779 850 852 aliquando
874 778 1008 841 videmus,
1044 780 1095 834 etsi
1118 795 1194 839 sero.
1228 796 1303 851 quas
1334 785 1402 834 tute
1431 795 1528 835 caecos
1559 781 1585 833 in

266 866 475 922 lionranensium
497 864 772 938 commanipulatione
795 880 869 938 saepe
891 864 1019 919 derisisti.
1043 872 1084 919 est
1100 863 1179 919 hodie
1194 863 1351 919 Germaniae
1375 871 1491 920 nostrae
1507 865 1584 935 inge·

266 952 354 1013 nium,
378 958 421 1007 est
442 949 586 1006 consilium
609 957 637 1005 et
660 949 816 1023 prudentia,
847 956 910 1005 sunt
933 950 979 1022 qui
1004 965 1111 1022 semper
1133 948 1240 1004 fuerant
1263 948 1329 1011 viri;
1362 951 1439 1004 vires
1466 964 1601 1022 quoquae

266 1044 293 1091 et
316 1036 432 1092 animum
456 1050 517 1090 esse
539 1035 622 1091 homa
644 1034 801 1108 propediem
824 1035 988 1107 experietur.
1011 1031 1081 1101 euin
1103 1033 1136 1089 da
1157 1034 1262 1090 caeteris
1278 1031 1426 1106 sperabis.
1453 1035 1479 1088 si
1496 1033 1580 1090 audet

268 1129 322 1178 tam
346 1120 494 1194 intrepide.
523 1127 682 1176 constanter
704 1127 731 1174 et
753 1121 887 1180 animose,
917 1121 940 1174 si
964 1127 1016 1175 tatu
1040 1118 1124 1174 libere
1146 1126 1240 1175 contra
1264 1124 1339 1175 tuam
1364 1119 1439 1174 lianc
1471 1126 1502 1173 ει
1526 1118 1578 1174 llo·

199 1207 217 1258 f·
226 1209 257 1255 tt
269 1208 339 1264 mani
363 1206 486 1280 episcopi
508 1205 674 1278 impietatem
698 1205 898 1277 sanguinariam
922 1204 1013 1277 eloqui
1036 1204 1172 1260 carnifex?
1195 1202 1273 1271 Quod
1296 1203 1436 1260 hactenns
1462 1203 1576 1277 quiden

264 1300 319 1349 tam
342 1292 475 1365 patientes
497 1291 562 1362 iugo
585 1291 743 1345 vestratium
766 1288 906 1363 aliquanto
930 1288 999 1345 colla
1022 1289 1211 1350 submisimus,
1236 1288 1286 1343 hoc
1307 1296 1385 1349 mat.
1409 1289 1481 1361 quia
1507 1305 1574 1344 auro

265 1385 363 1433 nostro
387 1375 542 1430 inimicicias
565 1389 626 1428 esse
649 1374 733 1430 factas
756 1374 884 1434 vidimus,
908 1374 981 1448 qrrod
1004 1383 1079 1430 extra
1095 1373 1262 1429 Germaniam
1277 1372 1382 1429 auferri
1398 1389 1489 1446 quam
1505 1373 1602 1429 Geato

265 1479 343 1517 mana
366 1458 571 1515 mansuetudine
593 1460 737 1532 quicquam
766 1460 906 1531 indignum
929 1459 1098 1515 committere
1120 1460 1280 1532 optavimus.
1315 1473 1475 1531 quousque
1503 1474 1571 1532 ergo

266 1549 292 1602 in
314 1561 425 1601 censum
447 1551 572 1600 nostrum
599 1559 720 1617 opesque
742 1545 838 1618 patriae
867 1552 969 1600 nostre
991 1544 1100 1600 fraudes
1128 1551 1232 1599 vestras
1261 1542 1463 1616 protendistis‚
1504 1542 1571 1599 nihil

265 1631 347 1687 animi
368 1637 500 1686 mutatum
523 1637 579 1690 est,
608 1629 675 1684 nihil
697 1632 724 1685 in
748 1647 796 1685 uos
819 1628 906 1684 moliti
930 1646 1038 1696 sumus,
1067 1646 1100 1684 ue
1123 1628 1287 1685 seditionum
1308 1636 1428 1683 autores
1454 1629 1572 1684 insimu-

266 1715 399 1778 laremur;
423 1731 471 1770 vos
486 1722 591 1775 autem,
615 1722 761 1787 postquam
783 1714 943 1770 facultatum
960 1722 1114 1771 nostrarum
1130 1720 1263 1788 proventu
1279 1711 1431 1785 ingluviem
1448 1723 1572 1770 vestram

266 1818 320 1856 nou
343 1801 497 1861 exatiastis,
520 1798 567 1854 sed
589 1799 622 1854 ad
637 1798 789 1854 libertatem
804 1802 885 1856 etiam
900 1808 1036 1861 nostram.
1059 1801 1170 1856 unicum
1192 1798 1269 1872 regni
1284 1798 1374 1854 nostri
1391 1797 1570 1857 thesaurum.
1582 1811 1604 1849 rs

266 1887 407 1960 sagaciore
435 1899 500 1940 nare
529 1891 672 1957 penetrare
699 1884 770 1940 dolis
794 1894 821 1941 et
849 1885 991 1958 tyrannide
1018 1893 1108 1941 vestra
1131 1884 1219 1940 adorti
1241 1885 1323 1948 estis,
1355 1884 1458 1945 etiam,
1490 1901 1573 1958 quana

268 1970 349 2026 semel
373 1968 510 2025 mordicus
532 1969 650 2043 professi
673 1987 782 2032 sumus,
805 1970 905 2026 Christi
928 1969 1088 2044 religionem
1111 1970 1209 2025 vestris
1224 1967 1306 2041 nugis
1320 1975 1350 2023 et
1364 1967 1400 2023 ad
1415 1966 1574 2025 fallendum

267 2056 402 2111 instructo
426 2061 579 2110 commento
602 2053 680 2109 nobis
703 2055 823 2117 anferre,
848 2055 976 2129 pietatem
999 2055 1155 2129 disperdere
1177 2054 1291 2110 licenter
1312 2053 1402 2124 magis
1427 2070 1518 2127 quam
1541 2054 1575 2111 ad

266 2140 367 2197 Christi
390 2147 492 2195 sortem
515 2146 625 2195 vocatos
648 2139 726 2196 decet
748 2142 838 2196 conati
861 2142 942 2201 estis,
972 2157 1028 2196 non
1049 2141 1189 2213 potuimus
1218 2138 1290 2194 ultra
1312 2139 1339 2192 in
1365 2138 1417 2194 bac
1442 2153 1576 2195 mansne·

268 2225 360 2281 tudine
380 2232 476 2281 nostra
498 2223 660 2285 dormitare.
684 2241 729 2287 rie,
754 2225 826 2298 quod
850 2224 914 2282 olim
937 2227 1016 2280 inre
1039 2224 1089 2280 levi
1113 2232 1141 2280 et
1163 2222 1278 2298 ponticae
1294 2221 1408 2279 utilitati
1433 2223 1509 2281 nihil
1525 2226 1608 2280 mi-sr

266 2312 364 2367 nitanti
386 2313 472 2365 virtus
495 2317 565 2371 erat,
595 2311 622 2364 in
647 2318 722 2366 tanto
745 2326 835 2366 rerum
858 2310 980 2384 periculo
1008 2318 1036 2365 et
1058 2318 1206 2383 gygantum
1235 2314 1331 2364 cantra
1361 2307 1448 2364 deum
1480 2327 1577 2384 pugna

199 2396 421 2452 §.tt-verteretur
442 2396 468 2450 in
491 2396 594 2450 vitium.
631 2393 792 2474 Nequirnus,
821 2398 965 2469 nequimus
988 2395 1115 2470 proinde,
1139 2392 1284 2455 nicander,
1308 2399 1335 2446 et
1358 2409 1423 2454 vos.
1450 2395 1578 2452 cacoda-

267 2497 377 2537 monum
407 2479 559 2554 papiliones
588 2479 765 2542 Romamne,
803 2481 936 2537 scelerum
965 2489 1119 2536 vestrorum
1147 2486 1335 2553 portentosam
1366 2478 1577 2537 immanitatem

267 2566 383 2640 amplius
405 2565 540 2638 perferre.
563 2581 613 2620 nec
635 2563 773 2628 volunrus;
793 2563 797 2640 Ι
818 2565 942 2621 Germani
964 2584 1071 2625 sumus,
1096 2564 1220 2620 Germani
1241 2561 1422 2624 manebimus,
1448 2582 1465 2620 a
1491 2567 1579 2621 maio·

266 2651 343 2706 ribus
365 2650 529 2722 degenerare
552 2666 657 2705 summo
681 2651 859 2707 inhonestatis
881 2651 942 2708 loco
958 2667 1018 2707 csse
1033 2651 1176 2713 ducentes:
1201 2648 1380 2704 Christianam
1402 2649 1577 2723 religionem
1585 2662 1609 2700 as

267 2738 294 2791 in
318 2737 430 2810 spiritu,
454 2737 480 2790 in
497 2751 604 2796 amore,
628 2738 653 2789 in
671 2751 751 2809 pace,
774 2745 806 2791 nt
821 2736 929 2792 Christo
953 2746 1049 2792 autore
1070 2752 1120 2810 per
1134 2735 1253 2790 maiores
1274 2740 1390 2789 nostros
1413 2734 1504 2791 nabis
1522 2744 1578 2791 tra·

269 2821 324 2877 dita
347 2828 401 2884 est,
426 2820 532 2882 fouere,
556 2819 683 2893 amplecti
706 2827 733 2874 et
751 2822 906 2890 *exosculari
930 2838 1066 2895 nunqnam
1089 2822 1205 2893 pigitum
1228 2826 1269 2874 cst
1292 2833 1342 2873 nec
1365 2818 1499 2892 pigebit;
1524 2820 1578 2875 llo·

268 2908 435 2962 nranensinm
455 2914 545 2962 autern
561 2906 792 2978 superstitionem,
816 2907 931 2963 ethnicis
947 2914 974 2962 et
996 2906 1091 2964 ludaeis
1106 2907 1242 2965 maiorem.
1265 2905 1292 2959 in
1309 2918 1359 2959 sua
1375 2919 1480 2976 regna,
1505 2905 1579 2962 unde

199 2996 257 3046 tto.
269 3008 417 3065 progressa
439 2999 495 3054 est,
525 2989 717 3063 ablegabinrus.
741 2991 781 3046 'lu
804 2993 921 3052 interna,
951 2992 1097 3053 dleander,
1127 2991 1173 3064 qni
1200 2987 1376 3045 benedicendi
1407 2988 1577 3046 facultatem

270 3075 349 3132 titulo
372 3078 447 3150 ipso,
471 3091 501 3131 re
524 3091 585 3131 vera
609 3083 698 3130 autem
721 3075 896 3132 maledicendi
920 3085 948 3131 et
970 3075 1154 3133 malefaciendi
1182 3073 1277 3130 malam
1300 3079 1389 3128 artem
1412 3074 1610 3148 profiteristt

268 3169 333 3217 nota
356 3160 446 3235 aliqua
468 3162 640 3235 quantumvis
663 3176 760 3232 magna
782 3162 983 3218 mendaciorum
1007 3170 1119 3218 tuorum
1141 3158 1248 3217 officina
1270 3157 1419 3219 fabricata,
1454 3165 1577 3233 patriam

269 3396 366 3445 oborto
384 3393 486 3445 lumine
505 3395 647 3457 veritatis,
668 3393 760 3459 caliga
780 3395 883 3446 abacta
901 3401 953 3445 est.
972 3395 1118 3456 Videmus,
1138 3394 1191 3444 etsi
1208 3408 1283 3454 sero,
1303 3405 1372 3457 qnos
1391 3392 1493 3458 tuipse
1514 3409 1577 3444 cunr

267 3481 323 3530 tuis
341 3494 432 3530 caecns
449 3495 523 3545 saepe
543 3479 674 3530 derisisti.
694 3480 745 3529 Est
763 3508 794 3516 -
807 3508 840 3516 —
859 3481 1008 3546 ingenium,
1027 3485 1090 3530 sunt
1107 3479 1169 3542 viri,
1189 3482 1232 3529 cst
1244 3475 1391 3527 consilinm
1405 3483 1437 3527 et
1450 3479 1576 3543 pruden—

267 3566 321 3623 tia;
340 3565 414 3615 vires
426 3580 532 3630 quoqne
546 3569 575 3614 et
588 3565 707 3613 animum
721 3579 781 3614 esse
800 3570 829 3613 tu
844 3564 992 3631 aliqnando
1006 3565 1165 3629 experieris.
1196 3562 1312 3625 Quid-
1324 3561 1396 3611 -si
1410 3562 1505 3613 andes
1519 3570 1577 3613 tam

268 3652 400 3714 animose,
420 3655 476 3700 tam
490 3653 650 3701 constanter
663 3654 691 3698 et
703 3649 840 3715 intrepide
853 3655 949 3700 cantra
969 3679 1000 3686 —
1017 3676 1051 3685 -
1069 3648 1195 3700 carnifex
1208 3646 1316 3711 eloqui?
1333 3671 1367 3679 -
1390 3671 1418 3680 —
1443 3646 1610 3712 aliquan-ts

268 3735 325 3785 tulo
344 3761 376 3771 -
388 3761 423 3770 —
440 3734 608 3784 inimicicias
627 3735 686 3783 fieri
705 3734 835 3784 vidimus:
854 3761 888 3771 —
900 3763 933 3771 -
951 3734 1162 3785 mansuetudine
1175 3732 1315 3797 indignum
1328 3730 1488 3795 quicquam
1503 3749 1577 3782 com-

268 3821 378 3870 mittere
397 3821 562 3884 optavimnn.
593 3819 737 3880 Quintanas
761 3819 876 3883 proinde
900 3820 934 3870 de
959 3834 1044 3869 censu
1068 3818 1219 3885 opibusque
1243 3815 1355 3865 fraudes
1377 3842 1409 3851 -
1429 3841 1466 3849 —
1488 3819 1577 3868 animi

269 3905 441 3955 immutatum
466 3909 522 3963 est,
546 3931 578 3939 -
597 3931 629 3939 -
652 3904 754 3966 moliti,
780 3920 813 3953 nc
837 3905 982 3955 seditionis
1007 3910 1036 3955 et
1059 3905 1218 3955 scismatum
1242 3899 1375 3950 authores
1401 3900 1578 3953 diceremur.

267 3989 323 4040 Vas
344 4016 371 4025 -
392 4016 424 4025 -
443 3990 609 4050 thesaurum,
630 3989 759 4053 sagacius
778 3990 937 4040 incumbere
956 3989 1114 4056 accepistis,
1136 3989 1218 4038 etiam
1237 3986 1375 4034 -etiam
1395 3989 1509 4037 vestris
1529 3990 1578 4038 im·

268 4075 388 4139 pasturis
411 4074 490 4124 nobis
515 4074 640 4132 auferre,
665 4079 693 4122 et
715 4075 849 4140 pictatem
872 4100 906 4111 -
923 4103 956 4111 —
976 4077 1003 4125 in
1027 4072 1237 4124 mansuetudine
1262 4097 1293 4104 —
1313 4097 1342 4104 —
1371 4069 1430 4119 levi
1458 4074 1611 4122 virtutisne

269 4165 342 4221 erat,
367 4174 440 4208 nunc
465 4159 511 4207 ubi
535 4159 625 4209 tivum
649 4160 773 4224 tangitur
796 4158 893 4207 vitium
917 4158 1005 4209 lieret.
1040 4159 1204 4223 Nequimus,
1229 4156 1391 4220 nequimus,
1418 4155 1578 4219 Aleanden

268 4250 455 4310 portentosam
480 4242 615 4293 scelerum
634 4248 786 4294 vestrorum
806 4245 1007 4294 immanitatem
1031 4242 1148 4308 amplius
1172 4241 1308 4307 perferre,
1333 4254 1388 4288 uec
1416 4243 1513 4292 etiarn
1533 4260 1581 4293 ro-

267 4328 364 4379 lnruus.
395 4327 526 4395 Germani
545 4354 576 4362 —
594 4355 628 4363 —
647 4328 797 4378 rainiaribus
820 4329 921 4378 nostris
944 4344 998 4380 nan
1022 4328 1189 4393 degeneres,
1213 4341 1264 4374 nec
1282 4325 1311 4372 iu
1330 4321 1508 4376 Christiana
1529 4328 1581 4378 fide

269 4415 414 4479 quicquam
433 4419 533 4479 praeter
552 4413 690 4463 Christum
715 4413 924 4478 amplectantes.
961 4414 1004 4462 'fu
1026 4412 1171 4461 infamiam
1196 4407 1370 4475 quantumvis
1391 4425 1536 4476 magnam
1557 4417 1584 4463 in

335 4633 475 4701 ²planos]
489 4635 653 4701 vagantium
666 4634 851 4699 impostorum.
897 4633 908 4663 ⁴
921 4634 957 4684 cf.
972 4632 1026 4684 vol.
1040 4632 1076 4681 11.
1090 4648 1116 4696 p.
1129 4629 1154 4682 6.
1168 4646 1194 4681 a.
1212 4629 1250 4679 lb.
1265 4644 1323 4693 sqq.
1339 4645 1365 4694 p.
1378 4628 1423 4681 15.
1439 4647 1467 4681 v.
1480 4634 1529 4686 29.
1546 4653 1585 4702 sq.

267 4717 382 4767 lanimi
401 4723 424 4769 1.
483 4719 655 4784 ”aliquanto
673 4722 711 4769 sic
730 4721 752 4768 f.
815 4714 836 4750 ²¹
855 4715 952 4784 virtus]
971 4718 1046 4767 virns
1068 4718 1120 4767 Li.
1179 4713 1378 4764 ”Alexander
1398 4722 1430 4768 G.
1489 4720 1515 4753 ²⁸
1536 4738 1587 4772 au.

268 4801 346 4852 thore
366 4811 394 4852 G.
446 4802 469 4834 ²⁰
486 4804 644 4854 Alexander
662 4808 689 4853 G.
