3294 5408
367 424 491 460 EVTTRNI
505 425 534 460 nt
547 424 744 460 excursione!
756 425 943 462 HOGVBTIUA!
955 427 1076 464 ALBBE'H
1089 427 1294 465 Pssllllssllm·
1399 398 1473 472 89⁷

382 579 583 658 Historiasque
605 578 686 658 loqui
708 587 824 649 tecum,
848 589 1041 658 veterumque
1062 581 1182 644 volebas

381 684 451 742 dcta
474 682 583 742 ducum
606 699 723 759 semper
744 681 858 761 legere,
883 691 970 762 atque
992 683 1095 745 audire
1115 690 1238 763 paratus
1315 705 1318 710 ·

382 782 467 853 Quod
489 801 588 844 mores
610 801 717 844 ornare
740 793 822 852 tuos,
847 785 925 863 quod
949 803 1068 847 comere
1091 793 1193 864 posset

380 885 535 963 Ingenium
558 885 727 964 docilesque
749 888 839 947 animi
862 888 1041 966 protendere
1063 889 1150 950 vires.

319 1005 369 1048 troo
383 987 474 1059 Quid,
498 1006 565 1048 cum
588 988 751 1048 Saronicus
772 990 829 1048 iarn
853 988 946 1050 lectus
968 991 1125 1068 episcopus
1147 1008 1254 1060 esses,
1367 990 1472 1071 lgm

380 1089 506 1150 Erexisti
528 1091 659 1150 animum
681 1089 780 1150 subito
802 1099 831 1150 et
853 1109 954 1152 rerum
976 1091 1172 1152 humanarum

380 1190 476 1252 Corde
499 1190 636 1269 relegasti
660 1210 762 1262 curas,
786 1193 833 1252 cui
856 1193 971 1253 deditus
994 1211 1075 1256 esses

381 1290 484 1353 Officio
508 1301 620 1362 certus,
645 1295 904 1375 contempsistique
927 1295 1039 1373 lugacis

381 1393 468 1456 blolle
490 1394 646 1473 voluptatis
667 1396 813 1456 studium:
836 1415 896 1456 non
918 1398 999 1474 optio
1021 1396 1117 1458 solum

320 1515 368 1556 tros
383 1497 453 1558 Hac
475 1496 583 1576 probat
603 1497 741 1568 Alciden,
766 1501 852 1559 etiam
874 1498 928 1559 tibi
949 1498 1056 1559 blenda
1078 1498 1182 1560 Libido
1351 1499 1462 1578 lamara.

378 1598 476 1659 nstitit
498 1617 584 1661 omne
607 1600 705 1660 serens
727 1600 875 1679 placidum
898 1599 1076 1680 exclusoque
1098 1600 1201 1662 labore

380 1699 493 1761 Obtulit
515 1700 670 1763 illecebras
693 1711 722 1764 et
744 1701 838 1762 dulcis
860 1701 986 1764 amabile
1009 1701 1096 1765 luxus

380 1803 601 1864 Commendavit
622 1822 712 1883 opus,
734 1803 788 1864 tibi
810 1803 864 1864 soli
886 1805 984 1866 vivere
1006 1805 1089 1865 iussit

379 1905 469 1966 Extra
491 1907 581 1967 animi
604 1924 705 1968 curas:
730 1905 815 1984 ‘quid
837 1907 931 1975 enim,
954 1907 1011 1966 nisi
1032 1907 1151 1968 noveris
1172 1909 1231 1978 ull,

322 2027 372 2068 noo
388 2007 515 2068 ‘Divitiae
537 2008 676 2069 iacientl'
700 2008 810 2087 inquit,
835 2015 882 2068 ‘tu
905 2009 1025 2086 praemia
1046 2015 1135 2069 tantae

396 2112 501 2188 Arripe
525 2110 665 2180 lortuoae,
689 2111 762 2171 satia
783 2117 812 2171 te
835 2109 955 2172 dotibus
977 2109 1049 2178 illis;

381 2213 476 2274 ‘Dura
499 2213 568 2290 luge
591 2212 664 2292 (baec
686 2211 765 2273 ultro
788 2213 925 2288 venient),
949 2217 1056 2274 necte
1078 2230 1163 2292 ange,
1186 2212 1346 2276 sedenter

379 2316 467 2388 ‘Qua
488 2324 573 2395 potes
595 2315 664 2375 binc
685 2322 799 2383 tecum,
823 2332 920 2383 mors,
944 2333 1001 2394 qua
1024 2321 1053 2376 te
1074 2317 1233 2377 accesserit
1254 2315 1343 2387 bora,

379 2418 492 2479 ‘Finiat
514 2416 751 2486 omnebonum,
775 2434 812 2476 ne
834 2417 1041 2494 praetereuntia
1064 2418 1188 2496 perdas,

318 2539 367 2579 reos
384 2521 488 2582 ‘Utere
509 2519 711 2599 temporibus,
736 2518 817 2580 solus
840 2519 891 2596 qui
913 2518 1044 2597 implevit
1064 2518 1195 2580 hiantem

380 2621 514 2683 ‘Deliciis
536 2624 668 2683 animum
690 2622 775 2689 rixit;
799 2638 855 2682 nec
877 2621 913 2682 ad
936 2621 1028 2682 ardua
1051 2622 1144 2691 duco,

379 2722 488 2794 ‘Quam
509 2729 575 2785 tero
598 2723 654 2784 lata
678 2725 721 2782 ria
744 2723 813 2782 est'.
838 2729 940 2783 contra
964 2724 1054 2782 astitit
1075 2741 1164 2784 aurea
1188 2721 1287 2785 Virtus
1342 2721 1471 2804 illm

377 2825 519 2887 blandans
540 2825 614 2886 dura
637 2826 712 2902 pati;
737 2834 790 2884 ‘ne
812 2824 869 2884 lide
892 2822 1083 2885 abeuntibus'
1106 2825 1219 2903 iuquit,

380 2929 434 2990 ‘Ut
456 2927 565 3006 perdas
587 2926 709 2988 meliora
732 2924 835 2994 bonis,
858 2943 917 2985 non
940 2924 1027 3002 longa
1052 2924 1185 3004 voluptas

297 3015 369 3089 ⁴raro
385 3028 492 3099 ‘Quam
517 3031 592 3091 leret
614 3029 676 3088 haec
699 3035 786 3097 aetas,
810 3033 919 3087 aeterna
942 3027 1129 3088 incommoda
1151 3026 1257 3098 ducet;

378 3131 458 3210 ‘lpsa
481 3131 600 3210 quidem
623 3131 652 3190 in
676 3128 773 3189 medio
797 3145 886 3188 cursu
909 3129 984 3207 lugit
1005 3129 1116 3206 optima
1138 3148 1255 3198 secum,

377 3232 469 3293 ‘llum
490 3232 596 3311 linquit
618 3233 735 3311 peiora,
758 3230 871 3298 lerens;
895 3229 986 3291 breve
1008 3238 1124 3308 tempus
1147 3239 1176 3293 et
1198 3233 1309 3293 instans

378 3334 521 3395 ‘Exitium
543 3337 600 3395 rita
623 3333 671 3395 illa
694 3332 790 3403 dabit;
813 3350 851 3394 ne
872 3350 980 3411 sperne
1003 3332 1105 3395 labore

378 3438 489 3498 ‘Parro
513 3453 619 3513 magua
641 3438 741 3516 sequi:
765 3436 881 3497 namsi
904 3436 1117 3515 contempseris
1138 3435 1226 3498 buius

316 3559 367 3600 rau
382 3539 557 3600 ‘Luxuriam
580 3541 659 3606 vitre,
683 3545 713 3599 te
735 3537 913 3617 amplissima
935 3536 1026 3597 multa
1049 3545 1211 3616 sequentur

379 3640 608 3720 ‘Durabuutque
631 3640 696 3700 diu:
721 3646 751 3699 tu
774 3647 916 3719 quantum
940 3657 956 3700 a
979 3657 1107 3719 corpore
1129 3639 1233 3710 cedes,

378 3743 524 3803 ‘Tantum
547 3743 637 3802 animi
660 3740 770 3811 cultus,
793 3748 909 3802 tantum
931 3740 1061 3803 coelestia
1085 3748 1200 3820 tanges,

378 3848 609 3924 ‘Agnoscesque
631 3843 717 3913 deos,
742 3849 772 3904 et
792 3862 831 3905 ne
852 3861 912 3904 non
935 3845 1055 3923 praemia
1077 3860 1203 3922 ponam,

379 3947 509 4015 ‘Glorie,
534 3945 626 4014 lama,
651 3945 756 4015 decus,
781 3963 906 4015 nomen,
929 3953 1119 4008 monumenta
1143 3946 1318 4009 dabuntur'.

317 4068 366 4110 ruo
382 4049 515 4111 Dixerat:
538 4047 686 4126 extemplo
708 4048 816 4108 durum
839 4049 952 4109 virtutis
974 4066 1075 4109 amore

377 4151 476 4212 Puber
499 4150 595 4211 adbuc
618 4151 768 4228 ingressus
790 4152 846 4211 iter
868 4149 1041 4211 melioribus
1063 4169 1182 4212 omnem

379 4253 488 4331 Aptasti
511 4253 590 4314 curis
612 4253 760 4312 animum:
783 4254 848 4332 quis
870 4254 977 4314 castius
999 4252 1088 4323 alter,
1363 4251 1470 4337 12,qu

378 4355 471 4426 Quam
496 4357 582 4424 viris,
606 4352 752 4432 loquitur,
776 4356 877 4433 quisve
899 4353 1079 4434 impollutius
1101 4354 1191 4424 alter,

176 4506 379 4518 *—

243 4588 287 4625 ¹¹⁹⁵
305 4592 416 4644 Prodici
439 4592 572 4658 sophistas²
597 4592 720 4644 iebulem
743 4593 777 4643 de
800 4592 922 4644 Hercule
946 4593 1020 4643 inter
1036 4592 1196 4658 Voluptatis
1213 4592 1394 4659 Virtutisque
1406 4595 1469 4645 vies

174 4663 336 4744 elidesisep.
349 4677 475 4742 Xenopb
489 4692 568 4727 mem.
582 4677 619 4728 11.
635 4677 657 4726 l.
672 4676 980 4741 erementanos.
995 4677 1044 4728 Sil
1058 4677 1201 4730 IteLPuu.
1215 4679 1273 4729 XV.
1286 4677 1329 4731 20.
1340 4694 1400 4745 sqq.
1413 4680 1456 4730 Lu

175 4762 765 4828 cion.somn.(Themist.orat.XXll.)ete.
818 4762 1061 4829 1118ριιιιιὶιι12
