3294 5408
278 411 399 447 ttvrrattl
413 412 443 448 ltt
457 412 655 448 excusemus!
668 411 854 447 MOGVllTlllAH
867 411 989 446 nonsart
1003 411 1208 447 Pauroratcvs.
1314 381 1388 455 383

294 567 434 628 Nomine:
459 566 571 628 collatis
594 568 679 627 toties
702 568 752 644 elui
775 565 874 644 praelia
900 567 991 644 signis

295 670 460 739 Miscuerit,
485 687 544 729 oon
567 669 659 729 lloma
683 667 779 740 dabit,
803 687 861 729 non
885 668 1019 729 Teutone
1041 677 1145 731 noscet

295 771 394 832 Turba
417 789 546 833 memor:
571 770 649 831 latix
672 773 697 829 si
720 789 778 830 non
801 771 950 850 genuisset
972 772 1002 830 in
1025 768 1075 829 illo
1216 768 1387 847 ssfiflp‘ffl’f·

295 874 362 952 lpse
384 873 440 934 sibi
463 874 616 950 dominum
639 892 747 953 regno:
771 874 929 935 Germania
951 873 1080 951 primum

243 996 282 1035 eu
297 976 381 1035 Tunc
402 976 473 1036 vidit
495 974 592 1035 scelus
615 975 687 1045 hoc,
711 973 802 1036 nollet
825 975 992 1036 meminisse
1014 982 1153 1053 nepotes:

296 1078 464 1138 Strennuus
487 1076 534 1138 ille
558 1087 655 1138 temen
680 1076 758 1138 bello
780 1078 811 1137 srt
835 1084 935 1145 iratus,
959 1083 988 1137 et
1011 1076 1100 1139 urbes

296 1179 605 1259 Te1·rapitltalieus,
630 1188 674 1240 tor
698 1180 794 1241 lusum
818 1179 955 1258 deprimit
977 1181 1067 1241 armis

297 1281 484 1350 Pontificem,
509 1281 643 1361 Solynms
664 1282 722 1342 lroe
744 1301 815 1359 rege
837 1283 1006 1361 recepimus
1028 1299 1122 1343 arces.

296 1383 371 1444 llinc
394 1404 410 1444 a
433 1385 579 1445 Saxorrico
602 1391 699 1443 nroret
721 1403 801 1444 arma
826 1382 982 1444 frotharius
1004 1381 1072 1443 athi
1200 1382 1391 1467 [marsuano.

245 1506 284 1548 eso
299 1484 446 1546 Auxilium
468 1486 584 1554 llomae;
609 1494 706 1547 uiaret
728 1486 796 1547 lrinc
819 1485 972 1546 Conradus
994 1484 1030 1545 ab
1054 1487 1115 1545 oris

161 1690 195 1724 θ’*
212 1690 301 1756 prelia
321 1693 344 1739 1.
352 1694 377 1740 2.
448 1688 599 1757 genuisset]
620 1707 653 1740 ex
666 1697 755 1740 ‘uxore
774 1690 829 1738 sibi
848 1705 932 1740 exosa
949 1689 1068 1750 Bertha,
1087 1688 1204 1740 Othonis
1223 1692 1391 1743 marchionis

94 1775 185 1826 ltaliae
199 1775 266 1838 filia,
281 1792 306 1824 a.
322 1773 405 1837 lusda
419 1782 531 1839 quartus
544 1776 567 1824 is
581 1780 630 1836 est,
651 1781 680 1824 ut
693 1776 720 1824 in
739 1774 990 1840 praedecessoribus
1009 1774 1134 1836 diximus,
1153 1774 1304 1840 imperator
1316 1779 1390 1828 Hen-

95 1862 182 1922 ricus,
203 1876 256 1910 uon
275 1864 434 1924 computato
454 1875 561 1925 aucupe
580 1859 702 1909 Henrico
721 1860 743 1908 I.
757 1876 832 1924 rege.
854 1858 897 1908 Cf.
911 1858 965 1908 vol.
979 1859 1011 1908 V.
1025 1875 1051 1924 p.
1064 1857 1123 1910 369.
1138 1875 1179 1925 sq.
1236 1859 1270 1893 ⁸⁷⁵
1288 1860 1391 1926 scelus]

95 1945 145 1996 filii
164 1950 262 1995 eontra
280 1948 424 2011 parentem
443 1944 616 1995 rebellantis.
669 1944 703 1976 ⁸⁸⁷⁰
721 1945 856 1995 Strenuus
876 1947 900 1993 2.
959 1943 993 1975 ⁸⁷²
1010 1942 1157 1994 Pascbslia
1175 1943 1197 1994 1.
1213 1961 1238 1994 a.
1255 1943 1327 1996 llll.
1343 1963 1389 1997 ca·

96 2032 188 2096 ptivus
207 2031 313 2092 faetus,
339 2029 388 2079 sod
407 2030 604 2079 reconciliatus
623 2034 738 2079 coronat
755 2029 950 2095 imperatorem
970 2028 1049 2093 eique
1067 2028 1244 2094 privilegium
1262 2031 1296 2080 de
1315 2032 1391 2082 iuve-

96 2117 197 2166 atitura
216 2116 406 2180 episcoporum
424 2120 480 2164 tam
500 2131 549 2180 per
567 2115 697 2164 anrrcrlum
717 2130 797 2179 quam
815 2130 865 2179 per
884 2115 992 2178 virgam
1005 2113 1100 2174 tradit,
1118 2113 1167 2164 sed
1179 2116 1305 2180 sequenti
1319 2131 1391 2167 anno
1482 2164 1485 2169 .

97 2201 126 2250 ia
144 2199 265 2250 concilio
284 2199 471 2249 Laterauensi
490 2200 728 2250 excommunicato
748 2202 914 2265 imperatore
933 2204 1055 2262 revocat,
1076 2198 1202 2264 idemque
1222 2200 1391 2266 insequenti-

97 2286 149 2335 bus
167 2301 222 2334 uon
240 2284 322 2335 nullis
342 2284 469 2335 conciliis
488 2286 631 2350 repetitur.
663 2285 765 2334 lterum
789 2289 901 2350 propter
918 2282 1061 2333 ltlethildae
1080 2283 1264 2335 hereditatem
1284 2301 1390 2336 exeom-

98 2371 249 2420 municatio
267 2370 441 2434 imperatoris
460 2375 570 2435 tumque
590 2369 726 2419 absolutio
745 2369 775 2418 fit
789 2387 814 2420 a.
830 2368 902 2418 1115.
934 2369 1042 2418 Deinde
1062 2385 1122 2421 cum
1141 2375 1245 2420 mortuo
1259 2371 1392 2422 Paschali

98 2454 186 2516 11.(3.
202 2453 288 2516 1118.)
310 2454 427 2504 Romani
446 2453 587 2505 Gelasium
606 2454 644 2508 11.
659 2454 824 2519 elegissent,
848 2456 871 2503 is
896 2457 989 2503 autem
1013 2455 1192 2520 imperatoria
1215 2457 1276 2505 iura
1300 2456 1391 2506 detre-

98 2544 200 2601 ctaret,
222 2540 385 2605 Gregorium
403 2539 479 2589 VlIl.
494 2541 554 2590 sedi
572 2541 694 2607 inposuit
712 2540 856 2596 lleurieus,
876 2539 1042 2605 tertiumque
1061 2539 1165 2589 abillo
1184 2547 1331 2591 coronatus
1350 2548 1392 2591 ert

96 2625 191 2674 Rerum
209 2625 235 2674 d.
250 2629 427 2691 pentecostes
446 2640 471 2674 a.
488 2623 561 2675 1118.
583 2625 712 2676 Gelasius
731 2624 824 2688 quiin
843 2623 964 2674 Galliam
984 2624 1145 2690 aufugerat,
1165 2625 1205 2675 ibi
1223 2627 1337 2675 moritur
1355 2644 1390 2678 m.

97 2710 156 2760 lau.
171 2725 196 2759 a.
212 2708 295 2770 11111,
316 2715 344 2760 et
358 2710 433 2760 Galli
452 2710 589 2760 Calixtum
608 2710 642 2759 ll.
658 2726 759 2774 papam
778 2709 894 2771 faciunt,
915 2709 960 2774 qui
980 2709 1141 2774 antipapam
1155 2709 1317 2774 Gregorium
1336 2718 1391 2762 tnr-

97 2795 170 2860 piter
187 2794 311 2844 habitum
330 2796 496 2846 monasterio
515 2794 639 2856 includit,
660 2794 706 2843 ubi
726 2793 847 2842 moritur.
872 2793 1010 2842 Honorius
1029 2793 1064 2842 ll.
1078 2807 1104 2841 a.
1121 2793 1194 2843 1124.
1208 2793 1311 2845 Collati
1330 2813 1391 2846 aare·

97 2895 199 2941 cessor,
218 2880 411 2945 imperatorem
426 2881 460 2930 ab
480 2879 657 2928 anathemate
678 2877 806 2928 absolvit.
825 2879 921 2927 llenso
935 2877 1010 2927 Maio
1028 2880 1169 2941 sequentis
1188 2880 1254 2929 anni
1267 2880 1391 2931 Traiecti

97 2965 219 3029 exspirat
237 2965 387 3030 imperator
405 2982 421 3014 a
440 2964 593 3023 fortudine,
614 2963 743 3024 audacia,
764 2963 884 3028 ingenio,
905 2962 1002 3011 merito
1021 2962 1188 3026 celebratus,
1208 2964 1257 3013 sed
1276 2980 1293 3013 a
1311 2966 1390 3015 mori-

97 3049 163 3113 bus,
183 3050 307 3112 iustitie,
325 3050 433 3115 pietate
452 3064 622 3114 summopere
641 3048 849 3112 vituperandus,
870 3047 921 3096 sab
941 3049 1019 3097 cuins
1039 3062 1125 3114 regno
1142 3048 1273 3098 Balduiui
1292 3050 1391 3099 Hiero-

97 3133 290 3199 solymitauum
309 3150 423 3200 regnum
442 3134 562 3184 condunt
581 3138 609 3183 et
628 3139 738 3198 augent.
805 3132 837 3163 ”⁷³
856 3133 1021 3198 recoepimus
1040 3137 1063 3182 1.
1134 3131 1167 3164 ⁸²⁹
1186 3133 1335 3183 Lotlrarius
1354 3136 1390 3185 11.

97 3234 190 3270 eomas
208 3219 479 3285 Suppliuburgensis,
501 3225 596 3268 nata.
612 3217 686 3268 1075.
701 3217 873 3268 abllonrico
892 3218 923 3267 V.
939 3233 965 3266 a.
983 3216 1055 3267 1100.
1070 3218 1123 3268 dux
1141 3216 1268 3269 Senoniae
1288 3220 1389 3281 factus,

96 3304 165 3368 lmp.
180 3302 286 3355 electus
305 3321 331 3354 a.
346 3303 434 3367 naa,
458 3304 553 3353 Rornae
577 3309 723 3353 coronatus
743 3319 767 3353 a.
785 3301 856 3353 1133.
870 3304 888 3364 †
903 3319 928 3352 a.
946 3302 1017 3352 1137.
1047 3303 1096 3352 Vir
1113 3303 1228 3368 probus,
1253 3309 1390 3369 suenone,

97 3387 205 3453 doctus,
224 3389 273 3439 sed
291 3391 405 3439 nimium
424 3390 560 3451 „devotus
579 3393 607 3438 et
625 3389 759 3437 innocens
786 3403 853 3452 erga
871 3388 1023 3438 Romanam
1042 3402 1150 3452 semper
1168 3388 1343 3452 ecclesiam”,
1362 3396 1393 3441 ut

98 3473 248 3524 Gerrasiua
265 3474 339 3525 Tilb.
352 3475 497 3525 iudicavit.
517 3475 553 3523 cf.
567 3474 620 3524 vol.
637 3474 666 3522 V.
681 3489 707 3538 p.
720 3471 779 3522 370.
849 3473 882 3505 ⁸⁸⁰
901 3471 1043 3522 Corradus
1061 3473 1097 3522 11.
1110 3472 1135 3523 si
1152 3472 1258 3524 Salium
1275 3477 1392 3541 primum

97 3573 286 3622 numeramus,
306 3561 407 3609 omisso
426 3558 552 3609 Conrado
571 3576 637 3624 rege
658 3561 787 3608 German.
807 3575 832 3607 a.
845 3556 1060 3609 ull...u18.ante
1082 3558 1233 3609 Hearieum
1257 3574 1392 3625 aucupem

97 3649 246 3709 regnante,
272 3644 321 3694 sed
344 3643 427 3709 vulgo
451 3644 594 3694 Conradus
618 3644 780 3693 uteletas
805 3648 884 3708 patre
908 3643 1052 3694 Friderico
1071 3641 1283 3702 Sutrinorum,
1303 3650 1390 3695 matre

96 3729 205 3794 agnete
228 3728 346 3779 ilenrici
368 3729 432 3779 llll.
453 3728 521 3792 filia,
540 3736 597 3778 nat.
618 3729 694 3778 circa
713 3744 737 3778 a.
761 3727 832 3778 root.
858 3729 893 3778 ab
917 3729 1038 3779 ilenrico
1058 3729 1090 3778 V.
1108 3727 1239 3779 ducatum
1261 3730 1392 3781 l'ranciae

97 3813 243 3865 orientalia
266 3818 428 3879 acceperat,
454 3820 552 3864 eontra
569 3812 730 3863 Letharium
755 3813 861 3864 electus
881 3831 906 3864 a.
922 3811 995 3862 1128.
1015 3812 1190 3878 Mogontiaci
1213 3812 1331 3877 (Mouza)
1357 3831 1392 3865 ac

97 3897 265 3962 Mediolani,
291 3904 347 3948 tum
366 3898 499 3948 Lothario
522 3898 654 3948 defuneto
678 3915 704 3948 a.
721 3897 794 3949 1138.
813 3899 980 3965 Aquisgrani
1004 3906 1165 3959 coronatus,
1191 3898 1392 3964 †Bambergoe

99 3999 124 4033 a.
140 3981 224 4044 1152,
239 3983 354 4034 Romani
367 3982 506 4049 pontificis
525 3982 718 4033 bencdictione
738 3983 815 4033 nulla
834 3991 961 4050 accepta.
979 3983 1117 4033 Intestina
1128 3982 1282 4034 Wolforum
1295 3984 1391 4036 Waib-

97 4066 317 4134 liugeusiumque
341 4069 400 4118 sire
421 4066 621 4117 Gibellinorum
642 4068 676 4118 ab
696 4085 721 4118 a.
737 4067 810 4118 1140.
832 4067 906 4119 bella
925 4085 1050 4135 coepers,
1075 4068 1203 4134 idemque
1227 4069 1262 4118 ad
1285 4073 1392 4134 tempus

97 4152 216 4203 refertur
234 4152 332 4203 fabula
350 4153 384 4203 da
403 4153 684 4218 Weinsbergenaibus
703 4154 815 4203 sentinis
833 4155 907 4205 viros
931 4154 1020 4204 dorsis
1038 4158 1184 4218 susceptos
1202 4168 1296 4204 secum
1314 4154 1391 4205 aufe·

97 4237 230 4287 rentibus.
259 4238 293 4288 lu
305 4237 438 4288 Bohemia
450 4238 649 4303 Hungariaque
669 4255 702 4288 ao
722 4245 817 4289 contra
835 4238 933 4290 Slavos
951 4239 1070 4290 rebelles
1087 4244 1199 4290 suenus
1218 4254 1252 4288 ac
1271 4237 1393 4289 feliciter

97 4320 215 4373 bellavit
227 4322 383 4385 Corradus,
402 4323 522 4373 sednon
541 4323 581 4372 ita
600 4323 723 4373 feliciter
741 4327 768 4374 ei
787 4325 873 4374 cessit
891 4325 1017 4375 cruciata
1036 4340 1061 4374 a
1077 4322 1309 4388 interecepto:
1328 4339 1391 4389 par·

96 4421 160 4458 ram
178 4408 344 4458 miserabilis
364 4408 500 4458 exercitus
519 4409 547 4457 in
566 4413 668 4458 terram
685 4416 811 4459 sanctam
831 4409 923 4459 educti
941 4415 1049 4475 partem
1067 4408 1226 4471 Corradus,
1245 4407 1313 4456 nibil
1333 4408 1392 4458 fere

97 4491 157 4542 eius
175 4493 247 4558 quod
264 4492 391 4543 voluerat
409 4499 583 4556 consecutus,
602 4494 631 4542 iu
650 4492 826 4544 Germaniam
844 4495 961 4544 reduxit.
981 4495 1054 4543 inter
1072 4492 1159 4543 multa
1177 4494 1392 4558 tempestatium,

96 4576 237 4627 fluminum
255 4577 460 4638 exundantium,
481 4585 623 4628 comestus
641 4577 848 4629 difficultatium
868 4579 1040 4644 ferorumque
1059 4577 1180 4628 hostium
1197 4579 1324 4645 pericula
1336 4578 1393 4629 doli

97 4662 183 4711 etiam
202 4661 360 4713 Graecorum
378 4664 513 4729 Europaeo
532 4665 666 4715 exercitui
684 4670 850 4715 nocuerunt:
870 4662 1125 4715 fraus-Enianuelis
1144 4663 1285 4725 Comneui,
1305 4664 1393 4714 orien-

97 4745 134 4813 tis
151 4747 341 4813 imperatoris,
361 4747 397 4799 ab
416 4748 539 4800 Hutteno
559 4754 705 4813 accusata,
725 4749 819 4815 procul
839 4749 921 4800 delrio
941 4765 975 4800 ea
994 4754 1038 4800 est
1055 4764 1137 4814 quam
1153 4749 1271 4800 Nicetes
1289 4749 1354 4802 bist.
1369 4751 1390 4803 1.
