3294 5408
269 374 343 447 284
371 405 406 440 DE
419 403 572 442 nummo
587 404 645 440 ΝΡ.
659 383 887 440 tdnocanalosne.
901 405 945 440 111.
959 401 1149 440 murmano
1163 405 1229 441 OAES.
1243 403 1463 440 aesomnium.

555 733 604 782 DE
623 730 824 793 ERIDERICO
844 731 1010 782 SECVNDO
1031 732 1267 783 IMPERATORE

730 824 884 876 IACOBVS
901 825 1092 878 MlCYLLVS.

467 949 592 1024 Principe
614 951 641 1004 in
665 949 717 1006 hoc
738 951 826 1023 patuit
847 949 960 1007 llomaui
984 951 1080 1006 iniuria
1102 951 1194 1026 nepe.

553 1033 585 1089 Et
607 1042 736 1108 quantum
759 1034 870 1090 sceleris
892 1035 969 1091 Curia
994 1044 1051 1091 tota
1073 1037 1159 1099 lovel:

468 1119 518 1189 Oui
540 1119 592 1175 nisi
615 1127 674 1176 eret
695 1121 791 1195 emptis
815 1120 896 1176 toties
918 1129 1052 1177 retractus
1075 1121 1108 1179 alr
1129 1123 1225 1185 armis,

464 1261 467 1271 ,
552 1205 626 1261 Unus
647 1222 720 1262 nunc
743 1212 801 1262 toto
823 1206 913 1262 Gaesar
935 1205 961 1261 in
984 1205 1050 1262 orbe
1073 1208 1153 1263 loret.
1257 1204 1260 1209 ’

810 1390 859 1439 DE
878 1388 1008 1439 EODEM

754 1482 906 1533 vitamve
926 1483 1065 1533 VELIVS.

469 1607 518 1664 llic
539 1623 648 1681 quoque
669 1606 813 1663 Pontifices
837 1623 949 1669 vexans,
972 1607 1005 1663 ad
1026 1615 1124 1666 catera
1147 1624 1281 1668 summus,

499 1774 505 1795 Ι
553 1692 582 1748 ln
604 1691 702 1748 Siculis
724 1692 792 1752 vafri
814 1692 932 1748 concidit
953 1699 1012 1749 arte
1035 1693 1120 1749 nothi.

468 1874 540 1926 eso
556 1848 689 1925 a‘onnn
706 1874 908 1925 sarnanrco
928 1874 1096 1926 sacvnno
1115 1874 1352 1926 innenaroan

753 1967 835 2019 reso
854 1959 1062 2031 nontamen.
1265 1957 1269 1966 '

469 2094 549 2150 Astra
571 2093 684 2155 docent,
707 2100 734 2148 ct
757 2092 811 2149 lata
833 2099 963 2156 monent,
985 2094 1128 2167 aviumque
1150 2094 1268 2154 volatus,

552 2176 631 2246 Quod
653 2178 807 2234 Fridericns
830 2195 882 2251 ogo
907 2178 1017 2234 llalleus
1041 2178 1115 2234 orbis
1137 2196 1201 2241 ern;

469 2263 553 2320 lloma
573 2263 619 2319 diu
643 2261 763 2320 titnbnns'
783 2263 863 2319 variis
886 2262 1026 2335 erroribus
1048 2271 1107 2319 aeta
1306 2253 1309 2259 ⁴

552 2349 661 2405 llccidet
682 2356 711 2404 ct
732 2348 823 2404 mundi
846 2349 951 2404 desinet
973 2365 1033 2405 essc
1055 2357 1144 2423 ceput.

475 2531 719 2583 INNOCENTIVS
738 2530 924 2581 PONTIFEX
942 2531 1107 2581 MAXIMVS
1126 2515 1351 2582 RESPONDE'I'.

468 2657 548 2712 Astra
571 2655 667 2717 silent,
686 2654 727 2711 nil
751 2655 805 2710 lata
827 2666 939 2710 monent
961 2654 1103 2728 avirrnrqnc
1127 2656 1247 2718 volatus,

553 2740 643 2797 Solios
665 2749 708 2797 est
730 2741 871 2815 proprium
896 2757 977 2796 nosse
1000 2741 1092 2797 latura
1114 2741 1175 2795 nei:

467 2826 567 2884 Niteris
590 2826 724 2882 ineassum
747 2826 820 2881 Petri
843 2825 1150 2889 sulivertcreclassen1;

554 2911 695 2982 Fluctual,
717 2919 744 2966 at
767 2928 905 2984 nunquam
927 2911 1031 2967 desinet
1053 2928 1114 2967 esse
1135 2921 1225 2986 caput.

552 3095 600 3145 AD
621 3093 706 3143 HAEC
725 3093 908 3143 VLRIOHVS
927 3095 1120 3144 HVTTENVS
1139 3094 1268 3144 POETA.

470 3214 507 3275 Ut
529 3213 613 3275 sileat
635 3212 758 3284 coelum,
783 3220 920 3274 moneant
941 3232 995 3273 nec
1020 3214 1093 3282 lata,
1117 3233 1171 3274 nec
1193 3212 1268 3282 ales,

554 3314 650 3377 Solius
673 3323 702 3376 et
724 3324 840 3376 maneat
862 3335 949 3377 nosse
973 3316 1069 3377 lutura
1094 3316 1160 3377 Dei:

471 3419 557 3480 Certo
578 3419 705 3479 humana
730 3418 816 3478 docet
837 3420 911 3479 ratio
934 3418 1111 3497 ‹prrandoqne
1134 3420 1282 3485 inturnrn,

553 3521 591 3583 Ut
613 3520 697 3582 cadat
718 3521 776 3580 hoc
799 3519 880 3581 orbis
902 3520 1016 3582 exitiale
1039 3528 1136 3599 caput.

477 3708 656 3760 ECCLESIA
674 3706 831 3758 CHRISTO
850 3708 899 3757 llll
917 3706 1167 3758 MAXIMILIANO
1186 3709 1345 3761 CAESARE.

469 3832 600 3889 Nobilitas
623 3832 713 3907 prisco
737 3829 848 3886 ninnium
871 3830 996 3886 discessit
1019 3831 1052 3887 ab
1075 3842 1153 3893 ortu.

554 3918 627 3974 Unus
649 3917 735 3973 adhuc
757 3915 835 3972 nobis
858 3902 1041 3972 lldxmilicnus
1064 3917 1153 3973 adest:

470 4004 545 4059 llnnc
568 4021 644 4060 serva
667 4011 695 4058 et
716 4004 822 4057 miserm
845 4002 910 4058 milri
933 4002 1031 4075 longos
1053 4002 1131 4058 dillcr
1154 4005 1181 4059 in
1203 4021 1303 4064 annos,

553 4088 590 4145 lle
613 4106 681 4145 nova
704 4085 812 4143 snldato
835 4087 939 4143 Caesare
962 4088 1056 4143 ‹larnna
1078 4088 1169 4144 lleam!

471 4174 517 4230 Vix
540 4173 577 4229 ita
599 4176 738 4235 consisto,
761 4172 858 4247 quodsi
881 4173 946 4229 milri
970 4174 1058 4231 Caesar
1080 4173 1180 4236 alriliit,

552 4259 703 4317 Nascentar
727 4258 810 4314 tantis
832 4276 894 4314 mor
917 4259 1042 4332 graviora
1064 4259 1150 4315 malis.

267 4442 338 4493 Hoec
357 4441 558 4508 epigrammata
577 4443 700 4493 dedimus
719 4459 752 4493 cx
772 4442 884 4493 Gobleri
909 4443 1045 4493 chronicis
1070 4443 1104 4492 nd
1129 4442 1289 4507 epigramm.
1310 4441 1344 4489 od
1362 4440 1505 4494 Maximil.
1529 4445 1567 4495 lO.

336 4541 419 4592 supra
436 4543 463 4591 p.
476 4525 534 4576 210.
549 4527 654 4590 citatis,
676 4543 736 4592 quae
754 4528 826 4578 unde
844 4528 1023 4577 llnttenicum
1042 4527 1179 4587 habeant,
1199 4527 1317 4577 nondum
1335 4524 1496 4591 exploravi.

335 4680 346 4711 ¹³
364 4680 480 4730 Vcsinus
499 4681 605 4732 Velius.
619 4681 721 4735 Gobler.

336 4763 357 4797 ¹⁷
374 4766 553 4817 Innocentius
572 4767 622 4817 111.
637 4782 662 4817 a.
680 4764 850 4816 1198..,1·216.
