3360 5414
548 423 632 459 nsua.
647 422 813 458 ssvsnsrurr
826 422 999 457 srrassrrrrs.
1357 444 1364 451 .
1388 393 1410 463 'I

194 681 232 730 l’t
242 679 295 730 hoc
308 681 337 729 ia
349 680 516 730 carminibus
529 679 681 730 scribendis
694 679 886 730 adulescentes
900 678 1070 729 exercitandi
1083 693 1168 745 ganas
1181 678 1314 745 stilusqus
1326 682 1414 746 posti-

125 779 169 814 cae
187 763 328 814 doctorum
339 763 614 814 Francolurtensinm
634 764 789 829 disciplinae
803 765 968 814 commodius
981 765 1142 827 aestimatur,
1161 763 1285 815 addimus
1296 765 1414 816 Huttcui

125 848 309 914 condiscipuli
327 849 442 898 Haurici
460 849 611 899 Burmanni
628 849 814 914 Mogontiaci,
839 864 917 914 quern
942 847 990 898 illa
1008 848 1142 899 decennio
1160 850 1268 914 postia
1286 849 1413 915 epistulis

124 934 302 983 obscurarum
321 933 440 984 virorum
458 932 512 983 vol.
527 934 563 983 11.
578 949 620 999 ep.
634 933 676 986 55.
689 938 720 982 ut
740 933 883 982 ‘vicarium
901 934 930 982 iu
949 948 1051 983 summo
1071 938 1099 983 et
1115 934 1215 985 bonum
1234 934 1412 1000 organistam’

124 1017 295 1080 celebravit,
314 1017 458 1068 consimile
477 1017 601 1068 sollenne
620 1033 740 1080 carmen,
761 1017 830 1082 quod
849 1024 911 1083 post
929 1018 1128 1069 lluttcnisnum
1146 1020 1175 1067 in
1192 1018 1272 1069 libris
1290 1019 1336 1084 qni
1353 1019 1412 1069 lud.

124 1101 254 1168 bibliogr.
267 1117 293 1152 n.
308 1102 329 1152 Ι.
346 1102 368 1151 l.
381 1103 407 1151 2.
420 1102 537 1152 indicati
554 1109 625 1157 sunt,
643 1101 758 1168 legitur:

442 1237 599 1288 liminio!
619 1237 853 1287 enutriretur
872 1237 1104 1289 ,tineutemcr

262 1314 272 1333 '
345 1317 528 1360 scelerosus
544 1317 665 1359 IOANd'IS
678 1316 787 1359 street!
800 1317 1028 1360 AEsrienrrmrtr
1041 1318 1190 1361 carresis

152 1390 198 1441 ΙΝ
214 1390 585 1441 ΓΗΑᾹὈΟΡΗΟΗΒΙΑΝΕ
604 1388 888 1439 DESCRIPTIONIS
905 1390 929 1438 E
934 1391 957 1439 Τ
972 1392 1003 1441 Ρ.
1025 1390 1248 1441 Vrelten'rrl
1264 1390 1393 1442 POETAE'

632 1469 921 1511 COrlIMEd'DAl'IOMM

505 1543 557 1591 Al)
575 1540 776 1592 auctuum!
793 1541 1029 1592 Epidamnum.

277 1681 418 1739 Incertum
439 1688 480 1737 est
499 1681 601 1737 homini
619 1680 738 1736 studium
760 1686 787 1735 et
807 1681 915 1736 diverso
937 1683 1035 1754 creprirlo

355 1767 408 1835 Qui
429 1769 490 1840 lepit
510 1768 649 1840 hystorias
668 1774 799 1838 pesteque
817 1766 936 1837 pulctrra
959 1771 1061 1823 ciram.-

279 1852 350 1907 Nam
372 1852 417 1907 nn
435 1853 535 1924 probat
556 1852 744 1914 Hellanicnrn,
761 1853 858 1923 placet
877 1853 942 1908 hnic
964 1852 1134 1916 Herodotus,
1158 1859 1184 1909 et
1204 1855 1244 1908 iiii

234 1954 247 1993 r
354 1936 513 1993 Socraticas
533 1936 689 2008 Xenophon
711 1937 886 2008 Acesilasque
900 1943 996 2004 ,retusi

277 2024 378 2079 Lactso
400 2022 534 2078 delectant
554 2024 637 2079 otiam
659 2036 765 2093 queque
786 2022 911 2093 dopmnis
936 2023 1006 2091 Liui,

354 2109 409 2164 Hic
431 2109 484 2166 enit
506 2107 611 2163 Solnsti
630 2108 736 2178 scripta
758 2107 850 2162 villere
871 2108 968 2163 tretis.

279 2192 325 2249 Sic
346 2194 455 2248 diverso
476 2196 603 2265 rapitque
622 2193 743 2247 animum
765 2194 792 2246 in
815 2192 922 2248 diversa
944 2194 1081 2264 nalrrptcs,

234 2296 247 2336 s
353 2278 486 2350 Mensqae
507 2280 599 2351 nequit
618 2283 692 2332 recto
713 2279 809 2332 sistere
831 2284 906 2332 certo
928 2278 994 2331 ioco.

280 2363 322 2419 Tu
343 2378 406 2418 vera
429 2371 546 2434 exoptas
566 2364 614 2434 qni
633 2363 764 2417 altissima
785 2365 885 2425 nostri,
907 2363 1003 2428 lector,

352 2448 464 2519 Pulpita
488 2448 631 2520 Gymnasii
643 2449 867 2520 principiumque
888 2450 961 2511 novi,

276 2532 362 2589 Hanc
377 2534 484 2604 poteris
504 2532 629 2588 monibus
651 2534 794 2606 complecti
811 2546 888 2603 saepe
909 2532 1036 2593 libellum,

223 2635 248 2677 12
354 2617 408 2685 Qui
427 2618 474 2673 riti
492 2621 546 2673 iam
564 2618 679 2689 placido
701 2623 789 2672 marte
810 2618 939 2689 lepernlns
960 2621 1024 2680 erit,

277 2702 407 2760 Marciis
429 2719 491 2775 qnae
512 2704 603 2767 tellas,
625 2718 687 2775 quoe
708 2706 742 2758 sit
763 2702 979 2775 Frnneplardr'o
1001 2718 1110 2769 nosces,

354 2787 457 2856 Quen
480 2788 560 2850 bone.
579 2790 696 2860 piscosis
716 2788 811 2855 siluis,
835 2787 925 2856 Odra,
948 2790 1039 2849 vadis,-

276 2873 452 2944 Principitne
473 2890 536 2945 quie
556 2876 592 2928 sit
609 2873 771 2944 prudentie,
792 2872 873 2946 sarria
895 2868 1045 2947 decrcspoe‘,

160 3018 163 3023 ,
208 2974 233 3015 ts
317 3002 321 3017 ,
352 2959 391 3013 Et
410 2973 474 3030 pure
495 2959 560 3013 dent
580 2959 658 3013 cultis
679 2973 796 3014 munera
819 2958 988 3015 doctoribus:

278 3042 440 3115 Quintoque
459 3042 590 3115 fertilitas
611 3044 687 3116 apri,
710 3060 771 3116 qnia
792 3046 872 3114 capia
894 3045 1005 3111 messis,

353 3128 472 3183 Numina
494 3146 575 3200 quom
594 3128 712 3201 faveant
733 3129 863 3184 Bacchus
884 3136 910 3184 ct
931 3130 1004 3183 nlnra
1027 3129 1123 3186 Ceres:

277 3213 511 3286 (incipiebam,
533 3216 638 3286 pisces,
660 3220 726 3285 quot
746 3229 809 3269 oves
831 3214 986 3285 celeresque
1007 3213 1140 3277 eriballus,

208 3316 234 3356 sa
355 3297 475 3370 Quaeque
494 3299 569 3370 foret
589 3300 681 3354 doctus
702 3298 769 3355 rerbs
790 3299 927 3354 celebrata
950 3300 1029 3353 tiras.

277 3382 414 3451 Quantum
436 3385 531 3439 etenim
553 3386 631 3439 aerio
651 3384 751 3439 cedunt
771 3385 887 3457 oirprilto
909 3398 1043 3454 cupresso

352 3468 391 3522 Et
410 3474 541 3541 qnantum
563 3470 651 3540 lepori
671 3474 711 3524 est
729 3468 833 3542 sortior
854 3471 913 3541 ipse
934 3470 987 3531 leo,

279 3552 396 3608 Tantam
419 3559 459 3607 esi
481 3554 660 3625 Gymnasium
683 3554 734 3609 troc
756 3555 818 3609 luda
837 3556 1019 3625 praestarias
1040 3555 1126 3618 omni,

207 3653 233 3693 st
354 3636 438 3706 Quem
460 3639 506 3693 riti
526 3638 654 3693 Romano
676 3645 724 3694 aut
746 3639 854 3694 Graecia
876 3645 953 3693 terra
976 3639 1049 3698 tatii,-

276 3721 358 3791 Quod
379 3723 425 3778 titi
445 3723 591 3796 descripsit
610 3723 725 3779 celebris
753 3724 917 3797 Vipilantins
938 3722 1053 3786 satior,

354 3808 495 3880 Gymnasii
515 3809 577 3864 taus
598 3815 624 3864 et
643 3811 732 3880 picria
754 3826 855 3881 mnpna
877 3811 946 3864 navi.

275 3890 360 3949 Hunc
381 3896 462 3966 ipiinr
483 3894 572 3967 diffitis
593 3910 676 3966 cape,
698 3897 782 3949 lectar
804 3895 937 3957 amande,
960 3893 1090 3960 libellum,

207 3991 235 4032 ss
355 3977 409 4047 Qui
428 3978 475 4034 tibi
489 3980 650 4052 permodico
671 3980 796 4037 venditur
817 3995 884 4036 u’re.
936 3980 1010 4036 Vale.

192 4226 353 4297 vigilantii]
367 4229 411 4280 Cf.
424 4228 478 4279 vol.
492 4229 514 4279 Ι.
529 4246 556 4294 p.
569 4227 611 4282 43.
625 4230 649 4291 ξ.
663 4227 706 4279 32.
758 4228 769 4259 ⁵
785 4230 849 4280 Livi
868 4229 962 4280 lactea
974 4228 1096 4279 ubertas.
1115 4227 1280 4290 Quintilian.
1294 4227 1415 4278 Instar.

134 4311 162 4363 ll.
176 4312 197 4376 Ι,
209 4323 244 4367 st.
297 4314 308 4347 ⁸
326 4313 496 4366 Sallustiana
514 4314 646 4367 brevitas.
665 4312 780 4377 Quintil.
794 4313 812 4363 l.
827 4332 851 4364 c.
903 4312 914 4345 ⁹
932 4310 1022 4364 nostre
1036 4317 1059 4364 1.
1073 4319 1098 4361 ct
1110 4330 1163 4362 curn
1176 4317 1199 4362 1.
1210 4311 1275 4375 facit
1288 4312 1377 4378 abiqrre
1388 4316 1415 4362 2.

135 4393 150 4428 ¹¹
168 4395 228 4464 ispe
241 4402 266 4449 i.
313 4397 335 4432 ¹³
354 4414 406 4464 que
424 4399 462 4449 bis
475 4402 498 4449 1.
545 4397 566 4430 ¹⁵
585 4415 637 4465 qus
651 4403 674 4450 1.
710 4398 731 4431 ¹⁶
750 4415 802 4464 quo
816 4401 840 4448 1.
887 4396 909 4429 ¹⁷
927 4414 979 4463 qao
993 4401 1016 4448 1.
1069 4397 1089 4430 ²¹
1109 4397 1414 4462 0f.vergil.ecl.1,sa

133 4476 151 4512 ²⁴
168 4483 268 4535 Grecis
280 4487 304 4534 1.
358 4482 381 4516 ¹⁸
393 4482 484 4534 Hodie
502 4500 602 4550 magno
621 4500 676 4536 aers
696 4484 742 4548 qui
761 4488 883 4535 emerent
901 4488 976 4534 sunt:
999 4497 1082 4532 unum
1105 4483 1177 4532 enim
1195 4482 1415 4535 Vratislavicnss

134 4570 268 4636 exemplar
284 4572 380 4620 extare
399 4568 530 4620 ereditur.
