3294 5408
380 364 506 402 RVTTBNI
518 364 548 399 lit
562 364 760 399 EXCEPTIONEH
772 364 958 400 ΙΟΘΥΝΤῙΙΑΙ
972 364 1093 402 nostem
1107 367 1312 406 rnrtsdmcvs,
1418 338 1491 419 373

398 521 484 582 Certa
506 520 553 581 sui
575 536 709 597 semper,
733 538 798 600 quae
820 522 863 582 sie
885 539 1004 601 cmpere
1025 520 1151 584 subinde

396 623 551 684 lmmutata
574 630 708 690 manent:
733 624 779 683 cui
803 621 904 684 lausa
928 631 1015 704 gente
1037 632 1148 686 vetusta

395 725 522 795 Prodiit,
547 731 635 802 atquc
658 725 772 785 animos
794 724 945 786 stimulant
967 727 1084 786 rtrtutis
1106 745 1207 790 amore

348 845 386 888 cac
401 826 535 904 Egregiis
555 832 749 886 monumenta
773 827 850 886 notis
873 832 902 886 et
923 827 1020 905 imago
1043 847 1166 889 suorum

394 927 575 1007 Gentilisque
598 926 801 990 decorticatis
825 928 961 1007 famaque
984 931 1111 1000 recenti,

393 1028 494 1091 lndole
517 1031 567 1107 qui
589 1036 669 1090 tanta
693 1037 752 1099 est,
776 1031 847 1090 istos
869 1036 1018 1109 spectatus
1041 1031 1077 1091 ad
1100 1049 1208 1102 annos,

392 1132 448 1193 Hic
469 1133 577 1210 poterit
599 1149 659 1191 non
682 1150 747 1193 esse
768 1130 865 1191 bonus
887 1138 938 1192 aut
959 1131 1072 1193 desinet
1094 1135 1241 1212 unquam?

394 1234 554 1295 Fortunate
578 1240 677 1311 pater,
702 1231 790 1294 talem
813 1239 841 1293 te
865 1251 989 1294 cernere
1013 1252 1109 1312 nuper

339 1357 378 1397 cas
392 1336 489 1398 Ardor
511 1343 575 1397 erat
596 1335 728 1415 populiS,
753 1337 842 1396 crevit
865 1336 1030 1397 reverentia
1052 1337 1130 1406 viso;

392 1439 416 1500 0
440 1437 575 1500 loecunda
599 1439 666 1498 viris
689 1439 861 1507 Germania,
886 1437 946 1498 sola
970 1440 1085 1517 priores
1348 1439 1472 1523 lemme.

392 1539 463 1611 Quae
484 1540 591 1610 vincis,
614 1558 733 1618 semper
756 1558 822 1618 quae
844 1542 941 1619 prisca
964 1539 1134 1602 recentibus
1155 1557 1247 1619 auges

391 1641 538 1712 tutunus,
563 1649 592 1703 et
614 1660 765 1722 nunquam
789 1644 860 1703 sinis
883 1662 899 1704 a
923 1642 1086 1704 maioribus
1108 1643 1165 1703 illis

391 1745 580 1822 Degenerare
602 1744 709 1814 decus,
732 1751 765 1805 tu
788 1745 921 1804 nondum
946 1745 1039 1805 elimta
1064 1751 1203 1823 parentes

337 1865 377 1907 eso
392 1847 529 1927 dequesti
552 1847 657 1907 virtute
680 1864 768 1917 nora,
792 1864 847 1907 nec
870 1846 978 1907 desinis
999 1864 1130 1925 unquam

389 1949 461 2011 Esse
484 1950 525 2010 tui
547 1947 670 2010 similis:
694 1948 764 2009 dum
787 1948 908 2009 llumina
931 1946 1061 2008 lontibus
1083 1955 1185 2009 errant

389 2050 548 2112 irreditura
572 2052 651 2119 suis,
675 2049 782 2111 coelum
804 2051 875 2111 dum
899 2050 1021 2110 volvitur
1044 2052 1144 2121 astris,

388 2154 463 2215 bum
487 2152 565 2214 levet
586 2170 716 2213 oceanus
737 2154 848 2230 pisces,
872 2150 1004 2212 animalia
1027 2151 1128 2224 tellus,

388 2254 542 2317 Constabis
563 2273 682 2334 semper
705 2254 757 2314 tibi
781 2262 811 2316 tu
834 2271 1011 2334 semperque
1035 2254 1141 2315 lereris

336 2376 374 2418 ces
389 2357 482 2419 Terra
506 2357 587 2418 lerax
610 2375 785 2436 magnorum
808 2357 976 2418 hominurn:
999 2355 1070 2416 dant
1091 2354 1198 2419 vellera
1214 2356 1319 2429 Seres,
1350 2357 1479 2440 lm*

387 2460 457 2521 Fert
479 2457 646 2529 hebenum,
670 2459 726 2520 lert
748 2458 838 2520 lndus
861 2459 951 2529 ebur,
975 2475 1027 2518 sua
1049 2457 1137 2520 thura
1161 2458 1299 2531 Sabaeus,

386 2561 520 2624 Balsama
544 2562 648 2631 ludaei,
672 2562 771 2640 Tagus
794 2579 916 2628 aurum,
940 2561 1030 2622 rubra
1055 2561 1219 2638 smaragdis

384 2664 436 2724 Est
457 2664 593 2725 loecunde
616 2663 732 2733 Thetis,
755 2662 857 2723 laudat
878 2680 931 2723 sua
954 2661 1059 2741 pocula
1083 2662 1211 2733 Lesbos,

386 2766 515 2827 Thraces
538 2784 644 2843 equos,
668 2762 813 2844 Chalybes
836 2764 964 2834 serrum,
988 2765 1146 2827 Germania
1170 2764 1259 2828 lortcs

333 2888 372 2928 oso
386 2861 543 2948 Nunquam
566 2866 705 2928 exhausta
728 2868 806 2927 viros
828 2865 931 2927 sobole
953 2867 1092 2946 producit
1113 2866 1241 2929 abunda.

384 2971 535 3048 Rumpere
557 2968 675 3037 laeticia,
699 2985 772 3046 gens
795 2969 913 3037 Martia,
937 2976 966 3030 et
987 2968 1093 3030 invehe
1116 2967 1237 3048 plausus
1312 2965 1477 3055 lssglfflfssl

384 3071 541 3151 Nunquam
563 3069 626 3132 aliis
648 3072 739 3140 visos,
763 3071 823 3148 iugi
846 3070 1015 3133 contendite
1037 3088 1145 3152 pompa

383 3175 515 3235 hrctatas
537 3172 660 3253 opplere
682 3173 756 3242 rias,
780 3174 922 3252 emergite
944 3175 1029 3234 tectis

384 3276 498 3354 ingenti
521 3274 671 3345 clamore,
695 3276 748 3335 viri
770 3275 961 3355 innuptaeque
983 3294 1154 3356 nurusquc;

332 3399 371 3441 cas
386 3377 479 3439 Nulbs
501 3379 576 3439 lesse
599 3385 685 3447 aetas,
709 3376 800 3438 nullis
818 3376 916 3456 pudor
938 3377 1051 3448 obstet,
1076 3379 1220 3439 honorem

382 3478 449 3542 Vult
470 3481 535 3540 lieri
557 3479 613 3540 sibi
635 3497 740 3557 magna
763 3497 888 3558 parens,
912 3497 967 3540 nec
990 3479 1083 3541 laetior
1106 3479 1165 3541 ulla

382 3581 506 3643 Pertulit
528 3583 556 3641 in
581 3600 689 3660 pompa
711 3600 743 3642 sc
765 3580 933 3642 luxuriante
956 3581 1046 3642 rideri

382 3680 543 3745 lnduisisse
566 3683 621 3744 sibi
644 3685 768 3761 strepitu
791 3686 942 3763 nimioque
965 3682 1126 3763 triumpho.

381 3786 486 3866 Aspice
510 3792 542 3844 ut
562 3786 727 3865 ingreditur
750 3803 857 3864 magna
880 3786 1044 3865 excipiente
1068 3792 1183 3860 caterva

329 3910 368 3950 oso
383 3888 448 3958 ille,
472 3887 562 3949 decor
584 3889 701 3965 patriae,
723 3890 851 3960 iuvenis,
874 3907 963 3968 quern
985 3889 1083 3949 dicere
1105 3888 1201 3968 possis

381 3990 505 4051 Delicias
529 3989 629 4068 populi
651 3989 819 4068 plaudentis
842 3998 871 4051 et
892 3989 974 4051 orbis
996 3991 1142 4051 amorem!

381 4092 502 4152 Rhenus
524 4092 606 4153 adest
628 4093 841 4169 dominumque
863 4110 950 4154 suum
972 4110 1133 4172 regemque
1147 4091 1269 4154 salutat:
1366 4090 1473 4172 lucem

380 4193 537 4274 Nunquam
560 4197 599 4255 ita
621 4193 686 4254 laeta
709 4194 766 4254 deo
790 4195 879 4255 lacios
902 4197 1001 4273 priuS,
1025 4197 1090 4275 ipse
1112 4195 1239 4256 verenda

243 4378 327 4432 ⁶⁸⁵ci.
344 4382 425 4446 Verp.
438 4397 532 4448 georg.
545 4382 569 4432 1.
582 4381 624 4432 54.
638 4397 696 4447 sqq.
709 4389 759 4431 ete.
806 4379 840 4413 ⁶³⁸
852 4381 931 4432 Intus
943 4383 968 4431 5.
1021 4379 1055 4415 ⁶³⁸
1067 4381 1172 4448 Tethys
1187 4385 1276 4433 1.2.4.
1290 4382 1395 4447 Thetys
1409 4386 1469 4436 M.

174 4466 657 4519 rected.rubrs'1¹hetis=rubrum
671 4467 806 4518 moreni.
824 4466 1142 4531 Verg.eel.¹l,tt.etull.
1200 4466 1338 4533 populati.
1391 4464 1467 4519 ⁸⁴⁰0

175 4551 200 4605 si
218 4566 273 4601 non
291 4551 468 4602 scribendum
487 4558 562 4602 esset
579 4552 661 4603 hodie
684 4552 834 4604 Tandem
852 4553 997 4617 producere
1015 4554 1108 4618 negat!
1176 4549 1211 4585 ⁸⁴⁴
1228 4569 1326 4616 nurus,
1345 4556 1376 4603 ut
1394 4568 1469 4619 soepe

176 4640 244 4702 aput
255 4641 362 4702 poetes,
377 4653 425 4703 pro
439 4638 586 4689 iuvenibus
600 4637 720 4687 leminis.
773 4633 854 4680 ΜΨ
866 4638 936 4688 Haec
954 4637 1045 4688 Rheni
1062 4638 1155 4704 imago
1173 4637 1357 4704 pulcherrimo
1375 4653 1468 4704 quom-

174 4719 218 4775 vis
236 4736 290 4771 non
309 4737 343 4771 ex
361 4722 440 4774 novis
458 4722 583 4775 omuibus
601 4723 727 4789 portibus
745 4723 889 4790 conposite
908 4727 958 4776 est.
1010 4724 1114 4776 Lemma
1131 4735 1178 4774 om.
1192 4727 1219 4776 ³.
