3294 5408
79 404 197 443 ΜΙΙῙ
205 404 244 441 An
252 404 319 440 088·
327 403 540 440 mutuantis
550 403 585 438 VT
595 402 708 438 usnbvrt
718 403 746 437 lli
757 403 882 440 VBNBTOS
893 402 1011 446 PROSBQ·
1018 401 1267 442 amonerentur.
1294 388 1367 462 145

277 557 341 619 Non
365 556 536 635 ingereest
558 558 651 637 siquis
673 555 781 618 lentam
804 564 959 619 cunctatur
982 559 1017 620 ad
1042 556 1130 620 ira'm:

362 657 465 720 Nescis
486 676 543 738 qua
567 658 670 720 deceat
692 659 749 719 boc
771 677 846 739 opus
867 668 931 721 arte
953 661 1032 737 geri:

277 760 334 821 Tot
355 762 470 821 circum
491 778 576 822 casus
599 771 703 840 pensat
724 760 799 820 loris
821 761 882 821 ales
904 760 941 822 ab
964 761 1038 831 alto,

227 881 266 923 soi
360 860 434 923 Cum
456 861 547 931 rotet,
571 863 705 939 ingentes
727 863 842 922 conciet
863 861 911 923 illa
933 872 1046 933 motus;

280 963 364 1042 Saepe
387 963 506 1042 quidem
528 980 653 1041 pennas,
678 963 813 1024 sednon
835 981 891 1042 pro
914 964 1024 1025 viribus
1046 967 1115 1044 ipsis

364 1063 469 1125 Pandit
491 1070 520 1124 et
542 1065 674 1125 excussis
697 1063 846 1140 unguibus
869 1063 964 1142 ampla
987 1073 1082 1144 patet,

281 1165 339 1227 Sed
361 1182 420 1225 non
443 1173 502 1226 tota
525 1167 586 1225 ruit
607 1184 812 1244 summamque
837 1168 952 1242 exurgit
975 1169 1003 1227 in
1026 1169 1117 1239 iram,

230 1286 269 1327 sos
360 1265 492 1333 ,Omnino
516 1268 593 1328 vires
615 1270 865 1347 prosequiturque
887 1285 963 1329 suas.

282 1367 430 1430 Hactenus
452 1369 515 1429 baec
537 1367 662 1447 populos
683 1371 835 1446 suspensis
857 1370 961 1430 terruit
982 1370 1049 1442 alis,

367 1468 495 1531 Vindicis
517 1469 637 1530 hostiles
658 1469 844 1530 admonitura
868 1472 998 1531 animos:

186 1553 189 1557 ’
284 1571 358 1634 llum
381 1581 478 1632 tamen
501 1589 554 1631 ora
576 1571 677 1631 iurens
699 1590 734 1632 ex
758 1589 845 1632 causa
869 1571 995 1632 armabit
1017 1582 1047 1635 st
1067 1593 1197 1656 unpres,

231 1692 270 1733 sn
365 1672 440 1734 [tum
463 1659 581 1733 ructet
602 1673 668 1732 totis
691 1672 803 1733 viribus
825 1690 907 1746 arma
928 1682 1027 1751 geret,

282 1773 367 1839 'lunc
389 1792 485 1852 neque
507 1773 608 1834 Gallus
630 1792 721 1834 orans
743 1793 813 1835 casu
835 1783 1000 1860 eventuque
1021 1781 1169 1851 secundo,

368 1874 551 1954 Quocunque
574 1875 631 1935 boc
653 1876 702 1935 ilat
724 1883 873 1955 tempore,
897 1878 991 1937 maior
1013 1881 1084 1950 erit;

285 1975 346 2038 Nec
367 1975 444 2037 bene
466 1994 515 2037 res
536 1975 679 2037 venetum
703 1984 813 2037 tantam
836 1977 978 2039 subsistet
999 1980 1035 2040 ad
1058 1983 1147 2055 iram,

232 2097 270 2136 sis
367 2076 476 2138 Viderit
498 2078 624 2138 Adriano
647 2078 866 2139 fulmina-iacta
888 2078 959 2140 salo.

282 2178 326 2238 th
349 2188 433 2257 potes
455 2178 624 2246 arbitrium,
648 2197 750 2240 rerum
773 2180 957 2251 moderator,
980 2178 1113 2261 iniquum

367 2279 468 2358 Deque
491 2282 548 2341 tuis
570 2280 655 2341 iactis
677 2282 855 2361 ingenioque
878 2283 956 2360 patii

283 2502 343 2571 Quo
363 2510 389 2558 te
407 2505 468 2558 inre
490 2505 563 2575 loqui
578 2503 703 2576 fatebere
724 2505 806 2571 telin,
829 2505 954 2572 demens,

368 2587 434 2655 Quis
456 2588 549 2644 datin
571 2589 715 2643 arbitrium
736 2591 812 2661 reqiu
832 2589 912 2662 fucta
933 2596 1029 2645 tuum?

286 2673 359 2728 Tene
373 2673 450 2729 decet
471 2688 638 2746 unquesque
659 2675 743 2729 duces
760 2688 892 2745 renesque
909 2676 1057 2746 superbos,

231 2775 270 2815 m
365 2757 429 2813 Vilis
452 2757 548 2820 bomo.
572 2760 664 2830 linpnu
685 2766 888 2814 contemernnte
908 2761 1002 2831 loqui?

281 2842 339 2898 Non
363 2844 458 2916 lugere
481 2852 523 2899 est
545 2843 567 2897 si
592 2843 652 2916 quis
676 2843 775 2899 lentam
797 2851 942 2900 cunctatur
964 2844 996 2900 ad
1019 2846 1100 2909 iram,
1203 2837 1204 2840 ¹

368 2928 429 2983 Non
451 2929 504 2984 scis
527 2945 580 3002 qua
601 2928 694 2984 ‹leccat
717 2928 769 2984 hcc
792 2946 862 3002 opus
884 2930 1039 3001 arrogari:

282 3011 356 3067 Dnrn
376 3013 453 3067 sedet
473 3020 499 3067 et
523 3013 637 3068 Venetos
658 3019 764 3083 spectat
779 3016 924 3084 pacienter
947 3014 986 3067 nd
1004 3030 1109 3083 ouans,

232 3113 270 3155 us
367 3097 427 3151 Non
446 3100 500 3152 scis
521 3113 584 3170 pure
605 3099 684 3152 cordi
704 3097 905 3153 Maamilianus
926 3104 1004 3168 ripen.-

283 3183 335 3240 'iot
356 3183 458 3238 circum
479 3199 560 3239 casus
581 3191 679 3257 pensat
701 3182 771 3238 loris
793 3183 849 3237 ales
872 3183 906 3238 ab
928 3181 1000 3244 alto,

367 3268 440 3323 Dnnr
461 3269 547 3329 volet,
572 3269 696 3340 ingentes
719 3267 811 3323 exciet
834 3265 879 3321 illa
902 3275 1005 3329 metus,

283 3352 360 3427 Saepe
383 3353 491 3427 quidem
514 3370 630 3426 pennas,
654 3351 701 3406 sed
724 3368 779 3406 uon
801 3368 852 3425 pro
875 3351 979 3407 viribus
1002 3352 1069 3424 ipsis

231 3452 270 3491 rsa
364 3437 460 3494 Pandit
482 3446 509 3492 et
531 3440 675 3508 expressis
698 3435 836 3508 unguibus
858 3435 946 3510 ampla
968 3445 1060 3509 patet,

283 3521 335 3577 Sed
357 3539 413 3577 non
437 3529 493 3577 tota
517 3523 572 3577 ruit
592 3536 807 3592 supremumque
828 3522 910 3575 credet
933 3521 959 3575 in
983 3522 1064 3582 iram.

368 3606 483 3661 Omnino
506 3607 576 3661 vires
598 3605 830 3679 prosequiturque
853 3622 924 3661 suas.

284 3689 418 3747 Hactenus
441 3691 499 3746 haec
521 3690 639 3765 populos
661 3693 796 3760 expansis
820 3691 917 3745 terruit
940 3688 1004 3750 alis,
1020 3728 1033 3749 ,

231 3790 269 3830 asu
365 3775 481 3831 Vindicis
504 3774 619 3830 hostiles
641 3775 813 3831 admonitura
835 3790 948 3829 muniis.-

282 3857 348 3915 bum
371 3868 460 3916 tamen
483 3876 531 3915 ora
553 3860 645 3931 biceps
666 3867 798 3915 commoto
820 3858 936 3916 armabit
958 3867 986 3914 et
1007 3875 1127 3932 ungues.

367 3944 434 4000 lium
456 3951 518 4000 ruet
541 3953 568 4000 et
591 3945 657 3999 totis
679 3944 782 4000 viribus
805 3961 877 4000 arma
901 3952 994 4017 geret,

283 4028 357 4084 Tune
379 4046 468 4102 neque
491 4028 582 4085 Gallus
605 4045 688 4085 ovans
709 4037 785 4084 sorte
806 4037 958 4101 everrtuque
980 4028 1115 4090 secundo,

232 4127 270 4169 ruo
362 4103 532 4187 Quocunque
554 4114 608 4169 hoc
629 4112 675 4169 fiet
699 4121 834 4187 tempore,
857 4115 945 4169 maior
966 4113 1033 4173 erit;

284 4197 344 4253 Non
367 4197 436 4255 bene
457 4215 501 4254 res
524 4198 654 4254 Venatum
672 4205 775 4254 tuntum
798 4197 930 4254 subsistet
953 4197 984 4253 ad
1007 4197 1122 4262 bostem,

367 4283 470 4340 Viderit
491 4282 607 4339 Adriaco
630 4281 743 4339 iulmina
765 4285 834 4339 iacta
856 4285 937 4337 marri.

283 4367 426 4442 disputes
449 4367 605 4429 arbitrium.
629 4384 719 4423 rerum
743 4368 913 4428 inuderator,
938 4366 1059 4438 iniquum

233 4466 272 4506 aas
366 4452 457 4526 licque
480 4454 534 4510 tuis
557 4453 635 4508 iactis
658 4452 822 4525 ingenioque
845 4452 920 4525 pati?
962 4468 975 4483 ³

85 4581 283 4591 ὴ*-

149 4646 182 4680 ⁵¹⁷
199 4655 276 4714 petes
296 4653 319 4701 1.
373 4665 461 4699 rerum
481 4646 646 4713 moderator]
666 4649 757 4697 mnndi
777 4649 933 4712 imperator.

148 4729 183 4765 ²⁵⁰
200 4733 246 4782 ille
266 4737 290 4783 i.
308 4736 357 4783 sed
373 4736 398 4783 in
415 4751 471 4798 sqq.
486 4743 510 4782 et
529 4738 553 4783 r'n
572 4738 597 4782 2.
608 4735 730 4795 feminina
748 4739 786 4779 est
805 4731 874 4780 oles.
927 4727 961 4762 ²⁵⁵
979 4727 1095 4793 populus
1114 4729 1137 4777 1.
1189 4729 1273 4778 terail
1292 4731 1315 4778 1.

140 4816 270 4868 Hrmur
289 4817 357 4868 Orr.
382 4833 445 4869 vor..
465 4818 515 4867 111.
1117 4815 1153 4874 it)
