3294 5408
91 334 264 371 aeturnum
279 334 380 370 BYlelil
395 334 557 371 TRIVUPBVS
570 335 709 371 mucrones
723 335 865 371 aaronem
880 335 901 372 S.
911 335 1127 372 ianuariarum
1140 335 1293 372 lncoulott.
1312 306 1387 378 429

296 490 332 550 At
353 489 425 551 nihil
447 489 616 569 inquirens,
634 499 747 552 versata
772 493 800 551 in
823 489 912 552 sorde
934 489 1064 569 lutoque.

294 591 377 653 Hane
400 593 497 671 primo
520 610 647 672 posuere
670 591 746 652 luen.
770 592 853 653 sedet
874 611 944 653 aree
966 593 1095 655 secunda

295 692 414 754 llustiea
436 692 608 762 Barbaries,
632 701 691 754 tuta
714 710 834 771 aspera,
858 700 918 754 teta
940 693 1074 763 rebellis,
1264 696 1389 773 luamus.

295 795 437 864 Horrida,
460 795 539 864 vilia,
562 802 663 865 atrax,
687 803 856 875 contempto
878 795 996 857 sordida
1019 795 1116 865 cultu,

244 917 282 956 aaa
299 896 401 959 Omnis
424 897 575 958 munditiae
598 898 713 976 lugiens
735 900 911 976 fugiensque
933 899 1051 967 niteris,

297 999 389 1060 Lauta
411 999 501 1069 nihil,
524 999 597 1060 nihil
620 999 742 1061 urbanis
764 1018 796 1061 se
818 999 951 1061 muribus
973 1007 1093 1080 aptans,

298 1100 446 1180 Neglectae
468 1102 592 1162 rationis
615 1119 705 1180 egens
728 1109 785 1162 stat
806 1110 928 1181 pectore
950 1120 1067 1173 erasse,

297 1203 368 1264 Fert
388 1202 514 1265 sublime
537 1212 639 1282 eaput,
663 1202 813 1283 perplexae
834 1207 864 1265 iu
886 1206 995 1266 vertice
1017 1221 1123 1282 vepres

297 1303 468 1385 imperique
490 1304 574 1376 rubi,
598 1313 719 1386 letoque
741 1307 770 1367 in
794 1325 920 1386 corpere
942 1313 1058 1376 sentes,

246 1426 284 1466 ne
299 1407 331 1468 ln
353 1414 416 1468 tutu
438 1406 565 1468 stimuli:
589 1426 730 1468 manuum
753 1416 822 1469 sunt
844 1427 924 1478 arma
948 1408 1117 1487 pedumque

298 1509 437 1571 Extautes
458 1508 606 1588 solidique
628 1520 657 1572 et
680 1518 773 1571 acutae
795 1511 925 1591 cuspidis
948 1528 1079 1589 ungues,

298 1610 334 1672 m
357 1619 536 1673 muerunatae
559 1614 670 1673 circum
694 1613 755 1674 lera
779 1620 899 1692 pectora
922 1613 1033 1690 spinae:

298 1712 357 1774 Ora
380 1696 437 1774 situ
460 1713 620 1792 squallent,
646 1716 674 1774 in
696 1713 787 1775 alenti
810 1723 854 1775 est
875 1731 996 1793 squama
1020 1712 1132 1793 palate,

297 1815 439 1876 Plumbea
462 1815 560 1895 lingua
583 1817 698 1885 iacens;
722 1835 755 1877 ea
779 1817 842 1877 diva
865 1813 1030 1878 inamabilis
1053 1813 1130 1875 ultre

246 1935 285 1974 na
300 1916 360 1979 Nae
383 1935 552 1998 quenquam
575 1925 659 1979 vocat
682 1927 711 1979 et
732 1917 804 1979 nulli
827 1936 859 1979 se
882 1919 1043 1997 adiungere
1065 1924 1172 1978 uertat:

299 2019 390 2081 Sacra
413 2020 476 2080 (leae
498 2021 584 2099 primi
608 2018 709 2081 faciles
731 2021 829 2083 iecere
852 2020 1005 2099 Sophiste.

299 2118 397 2182 Tertia
420 2123 450 2182 in
473 2129 607 2183 extructo
629 2122 712 2184 sedet
734 2123 902 2200 ignorantia
924 2120 1015 2192 lectu,
1255 2119 1259 2202 Ι
1277 2140 1388 2183 uuonan«.

300 2222 467 2300 Languida,
491 2224 592 2294 deses,
616 2226 711 2293 iners,
735 2230 764 2284 et
786 2224 877 2286 obeso
899 2224 1023 2301 ingloria
1047 2230 1165 2289 ventre.

299 2324 480 2403 Impetuosa,
500 2344 606 2397 vorax,
629 2344 747 2405 semper
769 2325 854 2397 levis,
878 2325 959 2387 ebria
981 2343 1119 2405 semper,·

247 2445 286 2486 nn
301 2426 393 2504 [ligna
416 2427 501 2498 odiu,
526 2428 681 2500 deformis,
704 2427 811 2499 hebes,
835 2429 933 2498 rudis,
957 2429 1054 2490 emnia
1075 2429 1201 2495 iaetans;

299 2528 365 2589 Non
388 2548 489 2600 aures,
514 2548 573 2591 nen
596 2530 644 2592 illa
667 2530 769 2591 oculus
791 2530 894 2600 habet,
919 2533 1012 2592 utitur
1034 2549 1091 2591 una

298 2629 368 2692 Plus
391 2633 480 2693 nimiu
503 2631 617 2710 lingua,
640 2634 709 2693 sinit
730 2651 782 2693 era
805 2631 925 2712 explere
947 2633 1072 2694 lerinam

300 2731 385 2793 Utilia
408 2732 581 2812 ingluviem,
605 2733 718 2795 nullum
742 2742 786 2795 est
808 2736 838 2794 iu
860 2735 957 2795 irente
979 2733 1152 2804 cerebrum,

300 2833 404 2895 Nullus
427 2837 504 2897 inest
525 2854 645 2906 sensus,
669 2836 805 2898 manilius
827 2835 1010 2916 pedibusque
1032 2843 1154 2913 vagatur

249 2957 285 2996 ua
301 2935 465 3006 incertum,
489 2938 620 2999 tenebris
642 2939 764 3018 gautlet,
787 2941 937 3018 nutritque
960 2937 1105 3017 prolumla

299 3037 450 3099 Obscurus
472 3041 502 3098 in
526 3047 613 3101 rruete
636 3042 732 3111 vires,
755 3042 832 3120 gerit
854 3041 959 3102 ordine
981 3039 1061 3102 nullo

300 3139 357 3200 lies
379 3139 520 3220 nulleque
542 3142 647 3213 merle,
670 3161 748 3222 saepe
770 3145 834 3205 lraee
856 3142 913 3204 sibi
935 3141 1069 3222 displicet
1090 3142 1162 3220 ipsi.

299 3241 481 3322 iliraturque
503 3245 595 3314 viros,
619 3247 686 3323 qni,
710 3246 788 3325 qunrl
811 3263 863 3306 sua
887 3246 1007 3305 numina
1029 3244 1166 3312 aderent,

301 3345 456 3424 Accipiunt
478 3345 578 3406 titulos
600 3346 736 3426 deenqne
759 3349 788 3407 in
811 3346 898 3426 plebe
921 3353 1071 3426 putantur.

249 3464 287 3505 rm
301 3446 411 3518 Quarta
434 3445 500 3507 loeo
522 3450 630 3509 misera
654 3449 762 3509 Invidia
786 3457 845 3519 est,
869 3450 1037 3528 turpissima
1061 3463 1178 3513 rerum,
1298 3441 1392 3527 lanne..

303 3547 366 3608 Non
389 3548 526 3627 despecta
549 3557 663 3620 tamen,
687 3551 740 3611 sed
762 3549 841 3610 culta
864 3550 1070 3629 frequentibus
1092 3551 1166 3615 arie,

302 3649 476 3711 Demminiei
497 3653 595 3729 prime
618 3653 776 3729 dignantur
798 3652 911 3713 imnore
933 3651 1062 3720 sodalem

301 3751 367 3830 lusa
389 3753 559 3813 ascendenti
582 3753 684 3814 similis
706 3771 915 3833 summumque
938 3755 1048 3833 petenti

195 3864 201 3872 ·
302 3852 412 3922 Torva,
436 3856 549 3923 minax,
574 3854 754 3926 truculenta,
778 3856 894 3924 lunens,
918 3857 974 3918 nisi
996 3853 1074 3934 pelle
1096 3861 1213 3932 tegatur

251 3975 289 4016 rea
305 3953 414 4025 Ossea,
438 3974 537 4018 macra
560 3975 666 4036 genas,
690 3956 826 4036 neglecte
848 3956 956 4037 pallida
979 3974 1098 4025 somno,

167 4174 198 4207 ⁴⁸¹
219 4175 367 4240 inquirent,
388 4181 443 4228 !.5.
496 4176 531 4210 ⁴⁸⁵
547 4177 694 4228 mundicias
714 4181 774 4229 Μ.
826 4175 860 4210 ⁸⁸⁸
877 4179 969 4228 Fert.
1023 4175 1056 4210 ⁴⁸³
1075 4177 1145 4228 Orta
1164 4182 1189 4227 7.
1241 4176 1394 4227 inolentia.

99 4258 134 4291 “⁸
152 4261 299 4325 Languida
318 4266 344 4313 3.
397 4263 483 4313 obesa
501 4266 556 4313 26.
611 4263 639 4311 iu
657 4261 748 4326 gloria
767 4268 790 4311 7.
843 4260 877 4294 ⁴⁶¹
895 4259 971 4324 sinit]
991 4267 1055 4312 eunt
1073 4267 1129 4313 M.
1184 4277 1229 4313 ore
1251 4265 1272 4312 1.
1288 4265 1393 4312 3...5.5.

99 4342 135 4376 ⁴⁵⁶
153 4346 181 4394 iu
201 4349 224 4394 1.
290 4347 396 4411 geritur
414 4350 439 4396 2.
504 4344 646 4412 ⁴⁵⁹plaebe
666 4350 722 4395 1.2.
788 4345 822 4379 ⁴⁶⁰
840 4347 946 4409 Quarto
965 4347 993 4396 in
1011 4345 1073 4397 loeo
1091 4347 1193 4396 misera
1212 4346 1316 4397 invidia
1336 4349 1394 4396 Μ.

100 4432 166 4480 unde
185 4431 317 4488 Curiatius,
336 4432 380 4496 qni
395 4433 479 4495 prima
497 4433 616 4494 exerrrpla
634 4445 683 4479 nen
702 4433 777 4491 renuit,
798 4433 930 4481 adnotavit
949 4431 1084 4494 „Putavit
1101 4431 1240 4481 Hntlenus
1258 4430 1395 4495 syllabam

101 4516 147 4564 ‘in'
166 4531 247 4580 pesse
267 4516 382 4582 corripi:
402 4517 468 4581 quia
487 4529 636 4564 concursus
654 4515 865 4564 consonantium
883 4515 1041 4565 litterarum
1060 4530 1114 4564 non
1133 4516 1276 4578 existeret,
1296 4517 1395 4564 nisiex

100 4605 178 4649 muta
196 4607 224 4649 et
242 4599 348 4664 liquida
365 4601 389 4649 N
408 4606 437 4650 et
455 4601 488 4650 L.
501 4599 551 4649 sed
570 4601 630 4649 eiua
649 4599 690 4648 rei
708 4599 834 4649 idoneum
854 4606 995 4651 auctorem
1014 4614 1069 4648 non
1087 4598 1199 4649 habet’‘.
1250 4597 1283 4631 ⁴⁶¹
1301 4599 1395 4648 Domi-

101 4685 158 4734 uiei
177 4688 201 4734 t.
