3294 5408
400 388 523 429 RVT'I‘BRI
535 393 572 430 AD
586 392 719 431 CAESARH
732 389 943 453 ΙΙΑΧΙΙΙΠᾸΔῊΙ
955 392 1178 433 teloneum!
1190 392 1284 431 plnum.
1410 361 1483 437 211

399 548 434 609 Et
457 549 538 609 Latio
560 548 717 611 horribiles
737 549 939 621 Friueriohos,
962 569 1037 630 quos
1058 552 1133 611 ratio
1156 552 1215 630 egit

470 634 589 713 'Ulcisoi
611 652 716 713 insulos
739 654 880 732 sanguine
902 652 1079 713 Pontifices?

397 754 434 814 Ut
456 762 526 813 tuno
549 762 664 833 tempus
687 762 764 824 erat,
788 773 876 815 nemo
899 763 1070 816 ornamenta
1092 752 1220 835 superba

359 875 384 914 ro
483 855 634 917 Teutoniae
656 858 752 934 potuit
774 856 937 934 provehere
960 835 1096 925 ulterius3

397 956 489 1018 Nemo
511 959 574 1018 istis
596 956 700 1018 melius
722 959 811 1036 gessit
833 957 877 1020 rel
900 977 973 1038 pace
996 957 1040 1019 rel
1063 959 1152 1020 armis

480 1059 554 1121 Rem
576 1061 692 1139 patrie,
716 1078 803 1119 nemo
826 1061 929 1121 lortius
951 1077 1033 1121 arma
1056 1058 1130 1139 tulit.

396 1164 432 1221 nt
454 1162 478 1222 si
501 1180 587 1242 quem
610 1161 756 1240 probitas,
780 1164 916 1241 siquem
939 1164 1035 1223 omnis
1058 1150 1188 1223 criminis
1210 1180 1322 1241 expers.

357 1284 383 1325 ao
482 1265 563 1325 blens
585 1264 706 1342 «lignum
729 1266 825 1342 patrio
847 1266 950 1326 lecerit
971 1266 1111 1343 imperio,

396 1366 427 1427 Si
450 1368 531 1445 cupjs
554 1368 697 1427 innocuos
719 1385 817 1428 moros
839 1385 1002 1447 pacemque
1024 1367 1185 1446 iidemque,

417 1488 420 1494 ’
479 1469 617 1530 Summus
640 1475 668 1529 et
690 1468 725 1528 acl
749 1476 848 1530 votum
871 1468 1073 1530 llaxmilianus
1095 1469 1164 1555 erit,

395 1569 487 1641 Quem
512 1589 607 1649 neque
628 1569 766 1646 mollities
787 1571 917 1649 possedit
939 1588 1064 1651 queque
1086 1568 1219 1649 voluptas

356 1694 381 1732 2⁴
480 1672 642 1734 Terrarum
664 1672 789 1733 dominis
811 1673 932 1751 regibus
955 1692 1019 1735 esse
1041 1671 1129 1743 solet,

394 1774 429 1835 Et
451 1777 499 1835 cui
522 1793 581 1835 non
604 1773 714 1854 placuit
735 1774 806 1835 luxu
828 1773 982 1852 imlulgere
1004 1776 1126 1855 supino;

478 1878 587 1957 Siqua
611 1877 677 1945 luit,
702 1896 852 1956 nunquam
875 1896 931 1956 par
955 1878 1056 1939 odiosa
1079 1876 1148 1946 luit;

394 1977 545 2041 illecebris
568 1979 655 2040 nullis
677 1978 816 2056 nullaque
838 1978 959 2041 libidine
983 1979 1094 2041 tractus

354 2101 379 2141 as
479 2081 576 2142 Doluit
598 2081 645 2142 ille
668 2080 739 2151 sibi,
763 2081 855 2142 deluit
878 2079 925 2141 ille
947 2081 1009 2142 tibi.

391 2182 462 2255 Quis
484 2183 554 2243 vidit
575 2184 727 2245 madiolum
747 2183 867 2264 myrrha
890 2185 1022 2262 crispare
1045 2181 1199 2262 capillum,

446 2288 450 2296 ’
477 2284 547 2356 Quis
570 2286 639 2347 vidit
661 2287 752 2353 casia,
776 2286 842 2364 quis
864 2286 1012 2347 maduisse
1035 2286 1144 2346 croco?

392 2388 516 2460 Quando
540 2391 629 2451 armis
651 2383 799 2467 requiem,
823 2388 902 2450 bello
926 2390 1044 2468 quamlo
1067 2391 1131 2449 ocia
1153 2386 1277 2449 honesto

352 2511 378 2551 u
477 2493 533 2553 bnt
555 2492 687 2555 trabeam
711 2493 804 2572 rigido
828 2490 955 2571 praetulit
978 2490 1025 2552 ille
1048 2492 1138 2569 sago?

391 2596 426 2654 m
449 2601 552 2655 contra
574 2596 742 2674 integritas,
767 2602 867 2655 contra
891 2602 934 2655 est
957 2592 1112 2654 clementia
1134 2594 1241 2664 virtus,

475 2694 603 2776 Quaeque
626 2705 704 2758 artes
726 2703 838 2758 tantum
861 2694 1036 2775 percoluere
1059 2696 1199 2756 animum.

392 2795 422 2857 Si
445 2801 520 2876 petis
542 2801 707 2877 ingenium,
731 2801 755 2860 si
779 2817 817 2858 ne
840 2816 897 2875 qua
920 2796 1063 2857 industria
1087 2795 1185 2865 desit,
1269 2814 1274 2823 ·

352 2915 378 2957 aa
478 2899 596 2977 Septem
620 2918 679 2962 uno
702 2898 816 2976 linguas
838 2898 886 2958 bic
909 2898 983 2958 solet
1006 2917 1058 2957 ore
1081 2897 1174 2977 loqui:

390 2988 419 3058 Si
443 3003 532 3078 petis,
557 3009 588 3060 ut
610 3003 734 3081 surrrptis
758 2998 866 3060 bellurn
889 3001 1059 3078 experiatur
1076 2999 1111 3056 iu
1135 2998 1239 3068 armis,

474 3102 535 3162 lam
557 3105 617 3163 ruit
638 3105 667 3163 in
691 3101 805 3171 Gallos,
830 3104 885 3162 iam
909 3103 969 3161 ruit
991 3103 1019 3160 in
1045 3100 1178 3159 l'enetos.

430 3346 471 3384 nn
494 3346 569 3385 urvo
592 3345 802 3386 uaxrrnnrauo
826 3342 1026 3384 rursnarone
1050 3340 1230 3382 onnusmco

343 3406 346 3412 ’
478 3431 627 3471 nvnovrer
649 3430 743 3471 neers
767 3430 937 3503 elaeonem
958 3426 1183 3469 rnerruosrvu.

387 3527 446 3577 Rex
464 3530 599 3579 invitaret
617 3530 752 3593 quondam
771 3529 805 3579 aul
824 3529 962 3578 convivia·
974 3526 1071 3576 Gallus

471 3613 577 3678 Insigni
596 3615 726 3678 quosdam
745 3612 891 3663 nobilitata
910 3614 997 3673 viros,

386 3698 439 3760 Qui
459 3714 519 3747 cum
539 3698 572 3747 de
592 3700 677 3748 variis
695 3699 872 3763 loquerentur
889 3696 1027 3762 Regibus,
1046 3710 1115 3745 unus

357 3790 369 3829 t
471 3783 690 3833 Maxmilienaees
708 3782 869 3832 extenuavit
887 3798 968 3848 opes,

385 3867 464 3918 Dixit
482 3874 510 3917 et
529 3884 590 3919 esse
608 3870 769 3933 Augustena
787 3868 859 3917 hune
878 3867 956 3916 mode
976 3864 1121 3916 Consulem
1142 3865 1169 3913 in
1188 3865 1269 3925 urbe,

471 3953 529 4002 Nec
548 3953 749 4003 formidandum
767 3952 890 4017 Regibus
909 3968 974 4017 ergo
994 3951 1067 4001 eliis.

385 4036 439 4088 Sea
457 4052 518 4087 oum
538 4036 681 4087 Caesareus
700 4039 740 4086 ita
757 4038 831 4086 vires
850 4037 996 4085 extenuari

356 4131 368 4172 3
470 4122 597 4178 Audiret,
617 4123 729 4187 sapiens
748 4122 807 4171 Rex
825 4119 982 4171 Ludovieus
1002 4121 1042 4168 ait

386 4207 475 4256 ‘Certe
495 4223 547 4273 ego
566 4206 712 4257 Consulem
732 4221 793 4256 enm
811 4205 895 4255 nolim
915 4209 1102 4261 contemnere,
1123 4218 1239 4266 namque
1258 4203 1282 4251 iu

468 4292 626 4358 ‘Tympana
643 4293 668 4342 ei
687 4291 792 4356 pulsnt,
813 4290 906 4340 Gallio
923 4295 984 4341 tota
1002 4289 1104 4340 tremit.

730 4432 839 4439 --.

249 4579 289 4632 10.
318 4579 566 4632 ”Maximilianun
585 4586 609 4631 l.
661 4581 683 4613 ²⁸
702 4581 837 4632 mollicies
856 4584 914 4631 m.
967 4560 1311 4637 Ν01.Ηοηιῐ.0(1.1.1,0.
1367 4570 1469 4641 ¹⁸tibi]

181 4663 346 4716 Germanias.

247 4752 288 4801 Ex
307 4750 418 4801 Gobler.
431 4750 449 4801 l.
464 4768 488 4801 c.
503 4752 551 4801 lol.
566 4748 605 4803 31.
658 4750 668 4781 ⁶
686 4748 778 4816 Cone]
799 4751 1012 4815 Borgermea'eter.

572 4854 575 4859 ·
1177 4831 1237 4892 14·
