3294 5408
276 372 351 447 218
476 403 598 441 ΕἿΤΤΙΙῙ
611 404 648 441 ΔΙ)
661 406 795 441 CAEBABBH
808 406 1019 442 unumunurn
1034 408 1254 445 ΕΡΙΘΒΔΜΙΔΊὟΙ
1268 410 1360 446 ΗΠΒ.

476 561 556 623 irato
577 559 708 629 Phalari,
733 562 916 642 Syracusana

478 663 547 725 Plus
569 661 635 725 aula
657 680 785 733 nocuos,
809 664 986 725 cadaveroso

440 784 463 825 ro
477 764 579 843 Regno
601 765 822 846 Laestrygonum
846 768 1047 828 cruentiores?

478 867 535 928 Sed
558 885 605 928 me
627 868 726 929 nescio
748 867 818 946 quid
841 870 934 945 magis
957 868 1105 938 molestat,

477 969 516 1030 Ut
535 968 627 1030 nolim
650 970 775 1031 Venetos
797 971 847 1030 diu
870 973 1032 1050 imperare,

477 1071 592 1150 Negant
612 1090 629 1132 a
653 1071 771 1133 Venetis
792 1072 879 1134 iidem
903 1075 1005 1134 teneri.

413 1251 461 1314 ab.
688 1258 815 1310 vorvor
833 1260 870 1310 nu
888 1259 1016 1310 nonno
1036 1261 1153 1313 raom.

477 1379 537 1441 Has
558 1378 610 1440 tibi
632 1379 707 1439 dona
731 1379 809 1448 tero,
834 1378 935 1439 mundi
957 1387 1111 1458 regnator,
1135 1381 1170 1442 ad
1194 1401 1274 1453 aras,

562 1479 632 1552 Quae
654 1480 731 1541 dabo
753 1483 809 1542 iam
832 1480 910 1541 salvo
933 1483 1121 1560 prosperiora
1144 1485 1231 1562 pede:

478 1571 517 1645 Da
541 1583 677 1644 morbum
700 1600 817 1645 cessare
840 1584 936 1661 pedis,
960 1584 995 1644 da
1018 1583 1111 1646 robur
1134 1587 1318 1665 ademptum,

450 1708 463 1748 r
501 1751 504 1762 ,
562 1685 610 1748 Sic
632 1693 680 1746 tua
702 1703 853 1764 nunquam
876 1685 972 1747 drabo
994 1686 1102 1766 templa
1125 1706 1230 1767 saporo
1252 1698 1364 1750 vacent.

477 1788 568 1850 Marto
590 1789 667 1867 rapit
688 1787 813 1849 Venetos
836 1788 894 1848 dux
917 1787 1119 1850 Maxmilianus
1142 1791 1171 1849 in
1194 1789 1293 1851 hostes

561 1892 724 1952 Germanos
745 1889 858 1969 pedites
880 1899 910 1951 et
932 1889 1070 1951 Calabros
1092 1893 1220 1969 equites:

477 1991 542 2057 Non
565 2010 686 2072 precor,
711 1998 743 2052 ut
764 1991 875 2061 morbo,
894 1995 986 2053 viram
1008 1993 1184 2073 tranquillus
1205 1996 1325 2068 abacto,

451 2114 465 2155 s
564 2094 598 2155 iu
619 2092 729 2156 bellurn
754 2099 785 2154 ut
806 2100 887 2154 tanto
910 2095 961 2155 sed
984 2095 1059 2156 duce
1082 2094 1167 2158 miles
1189 2116 1262 2159 earn.

409 2275 457 2338 26.
493 2280 650 2332 MORTEM
668 2280 755 2331 ESSE
773 2280 979 2331 EXTREMVM
997 2281 1144 2333 OMNIVM
1162 2284 1350 2338 Manouvu.

478 2399 606 2463 Verbum
629 2399 752 2462 Caesaris
774 2400 851 2462 haud
873 2401 1128 2481 redarguendum,

479 2503 604 2582 Dignum
627 2501 684 2563 hoe
706 2509 826 2580 pectore
848 2502 1014 2584 talibusque
1036 2507 1126 2582 gestis

479 2604 516 2667 Et
538 2604 583 2667 vel
606 2603 776 2666 Pharsalico
799 2603 924 2683 amplius
945 2607 1110 2685 triumpho,

451 2708 544 2781 rQuo
567 2715 692 2768 mortem
715 2710 814 2769 statuit
834 2707 918 2769 maiis
939 2727 1112 2788 supremum

481 2810 643 2890 Finemqne
666 2808 805 2870 omuibus
827 2817 856 2871 et
878 2811 1014 2882 modum,
1037 2811 1132 2874 dolori

478 2911 619 2993 Optatam
636 2914 776 2992 requiem,
821 2912 931 2975 Fluunt
951 2922 997 2975 ter
1020 2923 1086 2976 octo

480 3015 620 3077 Germani
640 3015 760 3076 iuvenes
780 2999 902 3078 recente
923 3034 1021 3094 pugna

342 3147 345 3154 ·
452 3117 512 3178 alo
535 3116 659 3178 thermis
680 3118 774 3194 aponi
797 3117 912 3197 (oetasi)
937 3122 1097 3198 perempti,

479 3218 541 3282 Nec
562 3221 621 3280 ianr
644 3237 730 3280 crura
754 3219 854 3280 dolent
877 3221 1044 3300 pedesque,
1068 3230 1100 3282 ot
1122 3232 1205 3294 ante,

480 3321 539 3384 Cur
561 3327 695 3401 qoaerant
716 3323 810 3402 Aponi
833 3321 932 3384 calens
954 3322 1112 3385 lavacrum.

480 3423 565 3495 Quod
588 3440 647 3484 non
670 3423 748 3484 unda
771 3424 865 3494 dedit,
889 3443 944 3486 nec
966 3444 1032 3496 ars,
1055 3444 1111 3489 neo
1132 3427 1242 3499 herba,

441 3547 466 3590 ιτ
480 3527 519 3589 Ut
540 3526 590 3588 dat
610 3525 708 3587 lacero
732 3527 836 3587 modus
858 3526 967 3596 dolori,

478 3630 530 3690 His
552 3635 595 3688 tot
616 3628 781 3698 mensibus,
805 3627 905 3691 alteris
926 3637 969 3689 tot
990 3631 1089 3700 anuis,

479 3731 559 3792 Mors
581 3750 637 3792 una
661 3730 764 3791 tribuit
784 3733 852 3793 viris
874 3734 904 3792 in
926 3731 1010 3793 hora.

480 3832 564 3905 Quod
588 3834 719 3911 quisquis
742 3833 819 3894 ridet
840 3835 1021 3914 aestimatque
1044 3854 1161 3907 seeum,
1248 3862 1253 3872 ·

443 3955 467 3995 ro
481 3936 526 3995 dn
549 3934 625 4014 quod
650 3935 739 3996 ludius
762 3935 840 3996 haud
862 3935 977 4014 putabit
998 3938 1090 3999 idem:

482 4038 576 4099 ‘Mors
598 4046 643 4099 est
665 4039 808 4098 terminus
829 4040 962 4100 omnium
984 4037 1161 4102 malorumi'

320 4266 322 4268 ’
345 4263 387 4312 at.
416 4261 428 4295 ⁸
446 4260 506 4325 Syr.
518 4257 592 4326 aula]
609 4260 760 4325 Dionysiia.
803 4257 824 4291 ¹⁰
835 4259 1029 4326 Lootrigonnm
1040 4266 1063 4312 1.
1081 4262 1254 4313 Loatr.2...4.
1268 4259 1564 4326 anthropophngorum.

345 4348 387 4399 15.
419 4345 462 4397 Cf.
477 4345 562 4411 epigr.
580 4344 618 4395 il.
632 4362 657 4396 v.
674 4344 713 4395 11.
726 4345 792 4411 ibiq.
807 4346 866 4395 citt.
880 4345 949 4395 loeo.
1003 4343 1013 4376 ⁶
1029 4345 1236 4397 Maximiiiunus
1255 4349 1279 4398 t.

345 4431 389 4484 26.
419 4432 573 4499 lipianum.
588 4434 614 4482 3.
683 4419 839 4493 runem,
868 4432 979 4498 Aponus
1003 4430 1121 4494 (tollens
1144 4431 1269 4495 dolores)
1292 4431 1353 4482 hod.
1373 4430 1480 4493 anano,
1507 4432 1568 4482 fons

279 4517 387 4570 solidus
406 4516 601 4569 saluberrimus
620 4518 681 4582 egri
699 4516 830 4567 Patavini
848 4516 898 4566 sub
917 4517 986 4582 ipsis
1004 4517 1145 4582 Euganeis
1165 4518 1316 4576 montibus,
1340 4517 1461 4582 antiquis
1485 4516 1567 4567 etiarn

279 4603 446 4655 celebratus.
482 4603 558 4652 Inter
576 4602 746 4653 obsidionem
758 4602 922 4652 Patauinum
941 4603 1029 4652 tristia
1048 4617 1137 4660 casua,
1156 4619 1236 4668 quom
1255 4601 1324 4652 alibi
1342 4616 1385 4652 me
1402 4601 1497 4668 iugera
1516 4618 1568 4652 non

255 4689 403 4751 -unemini,
423 4688 550 4740 evenisso
570 4687 685 4738 videtur.
739 4686 759 4720 ¹⁶
776 4686 863 4737 Iulius
876 4687 912 4736 11.
924 4685 1092 4752 syphiliticis
1110 4689 1169 4754 ipse
1189 4687 1291 4739 morbis
1310 4700 1441 4738 conruens
1460 4689 1568 4754 expira-

279 4778 359 4825 rent
377 4771 402 4823 d.
416 4771 457 4823 21.
471 4770 553 4823 Febr.
567 4788 594 4822 a.
608 4771 681 4822 lora.
1492 4788 1495 4792 ·
