3294 5408
316 412 353 450 ΔΙ)
365 414 527 451 HECTORE
540 415 710 460 nsulqvosQ.
723 416 915 455 GERMANOBVH
928 418 1076 455 eumeleus
1088 418 1201 457 osum
1213 420 1334 459 nilons.
1394 392 1470 467 2⁰3

382 575 463 633 Mare
481 576 551 633 uelut
571 577 647 632 oicu's
664 576 776 632 redlem
799 576 952 635 Carnarius
969 577 1076 634 Histris

330 677 369 720 sto
383 662 449 720 Cum
471 662 540 717 duce
560 660 711 734 Pypmreo?
730 669 794 734 preat
811 678 906 718 secum
927 666 1037 720 irioerso
1063 664 1208 721 trabebant

381 749 508 805 Dedecus
523 752 552 802 in
572 752 691 803 restrum
714 747 879 804 Germanica
897 750 990 821 suna,
1012 757 1076 821 quat
1094 752 1157 806 altis
1252 802 1257 809 .

383 833 518 890 Turribus
537 833 649 888 ooulsas
671 834 792 906 aquilas,
815 832 912 906 quibus
931 835 976 889 ille
994 835 1149 907 tropltaeum
1169 843 1211 893 est

380 921 498 993 Eripere
518 921 547 975 in
567 918 692 989 propriis
710 920 874 975 temerarius
894 919 998 975 cedibus
1015 926 1119 978 ausus?
1286 918 1289 925 '

382 1006 465 1061 Edita
485 1021 548 1077 quae
563 1003 671 1075 luerim
685 1008 711 1059 et
725 1020 789 1077 quae
805 1007 964 1077 spectacula
981 1006 1010 1061 in
1031 1007 1099 1075 illis,

276 1102 280 1110 ·
329 1103 368 1147 sus
382 1090 437 1159 Qui
457 1090 515 1147 ludi
535 1095 561 1146 ei
580 1089 703 1159 cltorcce,
725 1107 787 1162 quse
809 1106 878 1145 cena
900 1090 1039 1163 infanda?
1062 1099 1128 1164 quat
1146 1093 1202 1148 illic

379 1175 489 1233 lactata
509 1173 572 1248 (lieu
593 1173 695 1247 dicam)
717 1183 802 1246 caput
822 1177 850 1230 in
871 1177 1006 1231 ioctdaria
1026 1182 1165 1234 vestrim?

381 1263 426 1317 An
444 1263 512 1317 sotis
531 1256 709 1333 ltoclffltod,
728 1267 805 1316 sraela
821 1260 897 1333 soret
913 1262 939 1316 si
960 1268 1049 1318 maris
1065 1263 1139 1319 m‘rt'lt'
1181 1300 1186 1309 .

389 1347 521 1416 Vincere,
545 1353 571 1403 et
590 1346 692 1418 iusipm'
711 1347 827 1402 oena'sset
846 1347 937 1418 pluria
956 1344 1050 1419 sacta,

388 1433 501 1489 l⁷iclrici
519 1432 616 1505 fuerat
634 1431 736 1504 forsan
758 1431 897 1487 tolerabile
913 1434 1005 1505 porti,

330 1535 369 1578 aso
385 1519 447 1576 Ilan
464 1520 610 1591 improuiso
631 1533 693 1573 cum
714 1518 795 1572 mib'tc
808 1533 907 1590 papna
927 1516 1027 1591 fuissd

384 1604 499 1661 Tradita
520 1610 599 1660 eunte
617 1603 674 1676 fide
690 1603 778 1676 paulo
799 1610 876 1671 artu,
900 1618 952 1659 nec
971 1605 1079 1676 impare
1100 1610 1206 1661 mnium

382 1691 447 1748 Cum
468 1704 598 1757 numero,
620 1690 669 1745 oisc
691 1689 776 1754 mille,
799 1689 890 1745 dcam
914 1705 976 1745 cum
996 1705 1070 1746 caesa
1090 1689 1211 1764 suerunt

381 1775 502 1831 Millibus
523 1780 549 1830 et
569 1774 644 1830 nullo
669 1773 779 1847 direpta
801 1780 827 1829 ct
847 1779 930 1846 capta
952 1780 1041 1830 tuente

383 1862 432 1917 Tot
451 1862 525 1916 loca.-
547 1860 609 1916 laus
628 1862 739 1932 inpens,
758 1858 873 1931 suemus
894 1860 1084 1917 memorabile!
1105 1864 1185 1919 citius

328 1962 367 2003 sss
381 1947 442 2002 lam
461 1948 536 2019 pipat
556 1951 691 2014 auctores,
712 1946 775 2000 olim
795 1951 822 2000 et
840 1946 992 2001 meminisse
1010 1945 1121 2015 dolebit,

380 2034 463 2088 Nunc
484 2045 593 2105 quoque
611 2032 660 2103 qui
679 2029 706 2104 (o
725 2029 832 2103 superi)
853 2035 891 2087 tat
907 2029 999 2104 fracti
1016 2032 1141 2089 cladibus
1161 2034 1264 2092 audent

379 2118 498 2191 Pinperc
519 2116 677 2173 mandentes
696 2117 818 2173 u'ctricia
839 2118 919 2190 slpna
941 2118 1045 2184 leones,

380 2204 417 2259 Et
437 2204 548 2259 laceras
568 2203 689 2275 aquilas,
712 2208 738 2257 et
757 2204 839 2258 amici
858 2203 913 2258 titia
939 2202 1024 2271 Galli,

381 2290 547 2362 Canticaquc
565 2289 707 2360 impressis
728 2287 871 2344 mordacia
884 2288 1013 2361 pandere
1031 2290 1125 2345 cartis.

328 2388 367 2429 sao
382 2374 499 2431 Naturae
519 2375 611 2431 uitium
631 2379 657 2428 et
683 2371 779 2429 Veneti
795 2375 914 2446 pennino
931 2376 1065 2446 procacis

380 2461 432 2516 Est
450 2460 594 2515 inimicicia
615 2458 677 2514 luea
697 2454 984 2529 tecum‚'Cermania,
1007 2461 1053 2515 cui
1072 2464 1102 2516 tu

379 2546 416 2602 Et
436 2559 532 2617 repom
553 2550 595 2599 est
614 2545 759 2617 despectus
777 2544 877 2600 lonas.-
898 2547 940 2601 sic
960 2553 1066 2602 evomat
1085 2561 1165 2603 amne

386 2631 470 2688 Virus
491 2636 516 2686 et
537 2630 667 2702 effundat
680 2646 737 2704 per
754 2631 850 2686 inania
871 2630 954 2687 uerba
970 2632 1119 2704 malipnum

379 2716 461 2772 Inte
483 2718 619 2775 animum:
640 2721 669 2772 tu
691 2719 767 2772 uince
787 2732 888 2783 manu,
910 2722 938 2772 tu
959 2717 1075 2772 contude
1095 2717 1181 2790 sactis
1276 2755 1279 2760 n

328 2816 367 2858 sss
382 2802 499 2860 ceruicis
519 2802 602 2858 durae
620 2803 771 2874 papulum,
791 2808 819 2857 tu
834 2802 910 2873 pelle
927 2806 1076 2874 tyrannos,

380 2889 514 2944 Nobilium
536 2890 584 2960 qui
601 2902 700 2942 nonen
717 2887 832 2954 liabent,
850 2902 1025 2960 pronamque
1045 2894 1186 2943 senatum!

385 2973 469 3046 thue
489 2973 685 3043 triumphatum
703 2973 805 3045 pelops
826 2975 954 3027 mentitur
978 2971 1122 3040 Othonem,

384 3058 424 3113 Tu
441 3073 549 3131 quoquc
564 3060 641 3114 vince
658 3060 744 3112 mari:
765 3072 855 3130 neque
875 3060 946 3112 enim
964 3059 1024 3112 sine
1039 3059 1179 3130 puppibus
1194 3061 1270 3116 illum

381 3144 433 3200 Est
451 3159 590 3217 superare
612 3144 719 3199 datum:
735 3160 827 3215 paruo
849 3143 983 3198 molimine
1004 3143 1101 3199 classis

328 3242 367 3283 sss
382 3229 509 3297 Carruet,
529 3236 555 3284 el
575 3230 683 3300 trepida
701 3234 835 3285 noscetur
856 3230 884 3283 in
904 3227 972 3284 urbe
989 3229 1126 3285 tumultus.
1172 3232 1177 3247 ‘

381 3314 451 3383 Quam
473 3316 575 3371 decora
598 3314 661 3370 inde
680 3314 738 3381 tibi,
758 3315 853 3387 quales
874 3315 998 3369 orientur
1016 3313 1148 3385 bonores,
1196 3373 1203 3389 ‚

382 3402 476 3457 Gloria
493 3406 598 3473 quanto
623 3407 696 3456 tuum
717 3414 815 3456 namen
835 3399 984 3472 laudesque
1002 3399 1186 3472 manebunt:-

383 3485 504 3542 Teutouo
524 3501 556 3542 sc
575 3487 685 3559 quantis
703 3485 804 3541 attallet
825 3493 902 3541 terra
921 3484 1082 3557 triumplus,

380 3571 438 3627 Res
456 3586 565 3644 quoque
584 3587 666 3643 quam
681 3573 783 3642 poterit
800 3573 890 3626 taturi
907 3570 1019 3642 publica
1039 3570 1153 3638 Christi,

328 3671 366 3711 sss
381 3656 433 3714 Cui
451 3656 557 3713 domitis
579 3656 669 3712 aditus
688 3656 727 3711 ad
744 3658 869 3713 maximo
886 3655 967 3730 sacto
984 3656 1120 3728 patebunt

379 3741 523 3811 Adriacis,
545 3748 597 3798 tata
610 3749 757 3814 postquam
778 3741 916 3798 discordia
938 3756 1024 3814 repna

380 3827 566 3883 Christicolum
586 3827 698 3882 duecte
717 3825 808 3899 fiterd
823 3826 944 3895 sublata,
966 3825 1097 3900 forebant

381 3911 469 3980 Quam
499 3912 604 3968 l'eneti!
627 3913 738 3968 Interea
757 3927 792 3967 ne
812 3920 917 3968 sauctae
938 3914 1048 3968 vinculo
1065 3914 1161 3985 pacis,

381 3997 464 4054 Nerea
486 4001 567 4054 trium
589 4013 684 4070 repum
702 3999 804 4053 coelesti
819 3999 927 4053 uincula
949 3998 1067 4066 deutra,

329 4101 368 4146 saa
383 4085 450 4139 Arte
471 4085 565 4156 aliqua
583 4085 681 4138 iniectu
703 4083 746 4139 uel
767 4084 921 4154 suspicione
942 4085 984 4139 uel
1004 4089 1066 4139 astu

380 4168 589 4241 Dissaloontque
608 4170 677 4224 dolis
697 4185 750 4225 neu
765 4168 876 4241 sedern
897 4174 973 4223 tauta
995 4175 1103 4224 carew:

382 4255 453 4310 Nom
475 4257 528 4310 nisi
542 4256 597 4310 tole
612 4254 719 4327 ucplias
740 4254 838 4326 vapido
857 4254 896 4308 nil
913 4259 1026 4324 pectore
1048 4260 1173 4321 versant,

179 4383 382 4395 ᾗ

246 4449 279 4484 ³¹⁹
297 4451 341 4503 Cf.
355 4468 380 4502 v.
394 4455 453 4506 271.
499 4452 533 4486 ³¹⁰
545 4455 655 4521 pigmen
669 4457 692 4504 1.
736 4455 865 4505 Atiliano?
883 4452 919 4503 cf.
932 4467 1015 4519 supra
1034 4469 1078 4504 vv.
1091 4451 1150 4502 271.
1164 4468 1203 4518 sq.
1238 4451 1273 4484 ⁸²⁸
1290 4449 1433 4516 tropheum
1446 4453 1469 4502 1.

178 4534 213 4568 ⁸²⁸
231 4535 378 4588 tolerabile
392 4540 416 4586 1.
464 4536 494 4570 ³³¹
516 4541 553 4589 lle
569 4556 657 4604 pirpna
669 4541 739 4604 apud
750 4537 905 4605 Agnsdella
923 4540 975 4588 siae
987 4538 1070 4589 Vnila
1082 4541 1134 4588 siae
1148 4538 1251 4589 Ghiars
1264 4535 1368 4588 d'sdda
1385 4537 1411 4587 d.
1426 4539 1469 4588 rt.

179 4621 247 4672 Μαὶὶ
262 4625 514 4688 a.1sos.imettepa.
566 4623 600 4655 ⁸³⁷
618 4625 761 4674 uicttricia
781 4628 803 4674 1.
855 4622 890 4655 ³⁴⁰
907 4623 1012 4674 Natura
1025 4628 1049 4673 1.
1096 4621 1130 4654 ⁸⁴⁰
1149 4623 1195 4687 qni
1208 4625 1231 4673 1.
1284 4618 1318 4655 ⁸⁴⁷
1337 4622 1470 4686 Cs.supra

178 4723 216 4758 sa.
230 4709 288 4757 116.
301 4723 341 4774 sq.
355 4712 412 4759 151.
465 4707 498 4740 ³³¹³
521 4707 611 4774 pacis]
631 4710 740 4772 faederis
761 4710 957 4777 Cameracensis.
1016 4707 1049 4740 ’θ’
1069 4705 1268 4775 triumragam]
1288 4707 1468 4767 Maximillam

179 4791 337 4843 Ferdluandi
353 4794 483 4855 collectici,
504 4794 627 4844 [ardarici
647 4797 697 4843 s11.
751 4792 784 4824 ³⁰⁰
803 4795 962 4845 iniecisti.
