3294 5408
172 360 246 434 378
350 394 474 430 nvuruur
489 395 517 429 itt
531 395 728 430 EXCEPTIONEH
742 395 928 432 noevuulrthu
941 396 1061 446 annuunt
1076 398 1301 438 PANEGYBlCVS.

375 550 464 618 Vere,
488 551 580 630 sapis,
605 552 740 629 uirosque
765 558 828 611 tuas
850 554 919 613 satis
942 571 1007 614 esse
1029 557 1137 632 putasti

374 653 511 712 Arctoam
535 659 638 713 contra
660 654 798 715 virtutem
822 661 850 713 et
873 655 1006 715 Teutana
1029 655 1123 728 bella,

323 776 361 816 reo
376 754 497 815 Auxiliis
519 755 722 834 circumscepta
745 763 774 816 et
796 755 961 832 legionibus
982 756 1053 820 illis:

375 856 451 918 Ecce
474 864 572 916 antem
595 866 697 936 erepta
720 876 774 935 pro
797 857 932 918 libertate
956 860 1070 920 seroces
1298 862 1493 943 fflffiff·

375 958 558 1019 Conveniunt
580 959 680 1039 populi
704 961 912 1039 Germanoque
936 963 1054 1039 auspice
1077 963 1172 1025 Bruto

374 1063 463 1123 Arma
486 1063 601 1131 lerunt;
624 1065 719 1122 rivum
743 1064 907 1123 Arminium
930 1064 1086 1144 vivumque
1108 1073 1235 1144 putares

374 1163 430 1233 Qui
453 1163 605 1225 Macednm
628 1164 725 1224 trahit.
739 1182 846 1242 agmen
869 1168 960 1234 Arar,
985 1165 1112 1228 celestia
1135 1171 1260 1248 signum
1308 1167 1314 1252 Ι
1333 1168 1496 1251 ,21:52332’2]

323 1287 361 1326 ros
376 1266 514 1327 ventura
536 1266 693 1327 ostendunt
716 1267 817 1337 randis,
842 1268 992 1328 liemanus
1014 1269 1161 1348 haruspex

374 1368 517 1428 l'rmvidct
539 1370 629 1428 iratos
651 1388 778 1448 superos
801 1368 973 1448 clademque
997 1372 1168 1432 minanteis:

374 1471 461 1548 Signa
486 1478 594 1530 canunt
617 1489 782 1549 campoque
805 1472 874 1551 Lyci
897 1475 1084 1533 concurritur
1106 1475 1214 1536 armis:
1242 1471 1495 1563 &2⁶23ng

373 1572 398 1633 0
420 1573 529 1651 patria,
553 1592 570 1632 o
593 1591 732 1650 magnum
755 1575 857 1634 muudi
880 1575 984 1635 decus!
1007 1577 1104 1635 omnia
1127 1575 1206 1637 halla

373 1675 520 1752 Prospera
542 1675 680 1735 Romanae
704 1676 829 1736 lortnnae
852 1695 1013 1757 nutriesque
1036 1678 1177 1757 triumphi

322 1797 360 1836 uo
376 1777 440 1838 Non
464 1784 604 1855 poterunt
626 1777 714 1837 huius
736 1778 880 1838 iacturam
903 1797 1021 1858 aequare
1043 1781 1151 1840 ruinae:

373 1879 529 1956 Prossigata
553 1880 649 1949 acies,
672 1886 716 1939 tot
737 1878 826 1940 millia
850 1899 925 1941 emsa
948 1881 1043 1942 Latini

373 1981 518 2049 Nominis,
542 1988 681 2042 externos
702 1980 790 2059 gladii
814 2001 958 2062 excepere
981 1992 1119 2063 tyrannos

372 2083 527 2145 Vindelici:
551 2091 594 2143 tot
616 2090 715 2143 nostra
739 2087 803 2145 neci
826 2083 906 2145 dedit
928 2083 999 2145 ultio
1022 2104 1108 2164 reges

372 2186 521 2247 interiissc
543 2184 644 2255 simul,
669 2194 740 2264 quot
762 2205 821 2246 non
843 2187 927 2264 prior
949 2188 1041 2248 audiit
1062 2196 1140 2248 aetas.

322 2309 359 2349 ns
375 2289 537 2349 indiscreta
559 2286 622 2348 aliis
645 2306 743 2367 pugna
768 2295 825 2357 est,
849 2288 909 2349 dux
932 2291 995 2368 ipse
1017 2291 1147 2351 minores

373 2391 508 2451 Praeterit
529 2396 558 2449 et
580 2388 649 2450 solis
672 2390 767 2451 audax
791 2409 822 2450 se
845 2389 970 2451 sortibus
993 2393 1082 2452 iulcrt

373 2493 524 2553 Arminius
546 2491 713 2571 gaudetque
737 2511 877 2570 vagasse
901 2493 1014 2554 uindice
1037 2494 1132 2555 candes

372 2595 521 2674 Sanguine
544 2594 716 2655 commixtas
737 2592 824 2664 italo,
849 2614 902 2655 sua
924 2595 1017 2657 lihcra
1041 2613 1131 2673 regua

169 2868 288 2919 hostium
306 2868 429 2930 veniret,
454 2866 569 2929 evulsit,
595 2882 739 2930 mersaque
764 2869 836 2916 inter
852 2867 960 2917 balthei
978 2869 1020 2919 sui
1038 2867 1162 2919 latebras
1179 2885 1282 2935 gerens
1303 2872 1333 2920 iu
1353 2879 1475 2923 cruenta

169 2953 270 3019 palude
289 2952 381 3003 latuit.
416 2952 470 3003 hac
489 2951 569 3002 clade
589 2952 709 3014 iactum,
729 2957 760 3001 nt
778 2953 922 3017 imperium
940 2954 1034 3015 Rom,
1053 2954 1124 3019 quod
1142 2954 1171 3003 in
1188 2953 1272 3005 litore
1292 2958 1401 3007 oceani
1419 2975 1474 3009 nou

169 3043 296 3099 steterat,
315 3038 344 3087 in
362 3039 423 3102 ripa
435 3037 525 3088 Rheni
543 3038 663 3087 fluminis
681 3042 778 3087 staret.
815 3042 880 3086 tnnc
899 3054 934 3087 ea
953 3038 1018 3088 Veri
1037 3038 1117 3089 clade
1135 3039 1194 3089 sive
1212 3039 1272 3089 Titi
1290 3041 1384 3092 Ennii
1403 3060 1473 3110 prae-

169 3123 238 3173 toris
256 3122 341 3179 caede,
360 3122 470 3187 legione
489 3122 574 3172 etiam
587 3124 696 3173 Marcia
715 3123 817 3172 amissa
836 3122 936 3172 civitas
955 3128 1048 3173 nostru
1066 3121 1233 3189 [Angriurp]
1250 3123 1407 3189 plurimum
1425 3144 1472 3178 uo·

169 3207 295 3269 bilitata,
320 3209 408 3258 forum
431 3207 572 3273 publicum
595 3208 667 3274 apud
691 3223 740 3258 nos
758 3206 905 3257 Perlacum
929 3223 946 3256 a
967 3209 1077 3273 perdita
1100 3208 1210 3275 legione
1238 3205 1261 3274 [l
1279 3212 1321 3260 ita
1338 3213 1394 3262 ian
1413 3212 1471 3264 Otto

168 3290 291 3359 Frisium]
313 3292 521 3358 cognominant,
541 3292 588 3342 nbi
608 3293 755 3358 aliquando
774 3293 936 3357 inscriptum
955 3293 1007 3343 fnit

372 3378 481 3427 Iudicat
499 3378 544 3427 hic
564 3376 644 3428 collis
661 3379 813 3428 Romanam
832 3379 939 3427 nomine
959 3378 1067 3428 cladem

438 3463 543 3513 Martia
561 3477 667 3527 quoque
685 3463 761 3527 legio
779 3462 859 3512 simul
878 3463 969 3527 periit.

169 3547 333 3614 Ceciditque
352 3564 387 3598 ea
405 3563 498 3613 pugna
517 3564 577 3597 eum
597 3549 724 3612 equitatu
741 3548 924 3598 Macedonico
942 3549 1017 3598 Avar
1035 3548 1149 3598 Graecus
1165 3547 1288 3613 Bogudis
1308 3549 1400 3602 tilius:
1426 3568 1469 3603 ru·

168 3635 248 3685 sticae
267 3649 299 3683 ex
318 3649 351 3684 eo
370 3634 464 3683 domus
482 3648 537 3683 non
555 3633 636 3698 longe
657 3632 691 3682 ab
710 3633 836 3697 Augusta
854 3633 944 3683 adhuc
963 3633 1166 3683 Chrieehsa'uar
1185 3631 1373 3698 appellantur.

370 3718 434 3768 Hiis
452 3733 551 3768 nomeu
569 3719 652 3768 terris
669 3717 789 3782 Bogudis
807 3717 856 3768 dat
873 3718 950 3784 regio
969 3718 1060 3783 proles

443 3803 558 3854 Graecus
575 3803 652 3852 Auar
669 3803 783 3868 pecudis
802 3802 834 3852 de
854 3802 952 3853 Suavis
971 3819 1045 3853 more
1064 3802 1171 3852 litatus.
1206 3809 1255 3852 etc.

168 3889 202 3923 '⁸⁰
214 3889 386 3955 circunsepte
399 3893 421 3939 1.
441 3889 622 3954 circumsepta
636 3890 662 3937 2.
674 3904 730 3953 sqq.
775 3886 808 3919 ⁷⁶⁷
826 3884 905 3952 Lyci]
925 3885 988 3948 itti).
1007 3888 1066 3936 Nisi
1079 3887 1197 3938 vidisses
1209 3887 1365 3939 Huttsnum
1381 3893 1468 3942 etiam

168 3975 319 4025 Varianam
338 3974 445 4024 cladem
465 3973 537 4038 apud
555 3973 707 4039 Augustam
726 3972 933 4022 vindelicorum
951 3972 1083 4023 Romanis
1100 3973 1234 4022 inflictam
1257 3986 1322 4024 esse
1340 3976 1466 4040 opinari,

92 4063 94 4069 '
168 4060 294 4111 conicias
318 4060 436 4110 sortasse
455 4059 537 4122 Lippi
559 4058 621 4123 (pro
640 4059 752 4122 huppla,
771 4055 857 4122 digne)
876 4057 1051 4107 scribendum
1070 4072 1139 4107 esse.
1189 4056 1261 4119 Quid
1277 4058 1305 4107 si
1323 4059 1467 4112 Hutteuus

169 4145 204 4195 ab
218 4144 312 4194 Aenea
324 4143 419 4208 Syluio
431 4143 572 4206 (German.
586 4160 610 4193 c.
623 4142 676 4206 ³5.)
694 4142 846 4209 Mogontiae
865 4147 913 4192 aut
931 4157 992 4192 cum
1011 4142 1075 4192 aliis
1091 4141 1275 4192 Francoiurto
1292 4143 1331 4192 ad
1342 4144 1467 4196 Moenum

168 4228 285 4296 gloriam
309 4229 491 4278 extincturum
515 4227 655 4292 legionum
673 4227 758 4278 tribui
777 4227 1038 4278 animadvertisset?
1062 4226 1228 4277 commodius
1247 4232 1325 4278 certe
1346 4231 1467 4280 carmini

166 4313 236 4364 illud
255 4314 360 4366 luisset.
396 4314 428 4363 In
445 4313 569 4364 Arminio
582 4312 693 4378 dialogo
706 4328 826 4362 errorem
839 4312 964 4378 quamvis
977 4328 1031 4363 nou
1044 4313 1181 4377 expressis
1194 4311 1287 4362 verbis
1300 4317 1465 4372 correxerit.

167 4404 262 4450 tamen
285 4414 339 4450 uon
362 4398 477 4464 repetiit
498 4398 652 4448 Huttenua:
677 4412 738 4447 cum
762 4412 822 4447 eum
847 4397 987 4464 dialogum
1011 4398 1159 4459 scriberet,
1183 4395 1334 4448 Annalium
1358 4401 1466 4464 priores

167 4484 253 4536 libros
271 4484 393 4550 legerat,
414 4483 460 4550 qui
478 4483 596 4533 nondum
614 4482 753 4549 publicati
771 4487 851 4533 erant
863 4481 1011 4546 (beneficio
1024 4482 1091 4533 furti
1103 4481 1324 4532 Areimboldiaui
1338 4481 1465 4535 Corbeiae

168 4569 318 4632 commissi)
343 4576 465 4634 tempore
484 4569 565 4618 huius
583 4568 748 4634 panegyrici
766 4568 912 4633 conpositi.
959 4567 1041 4631 Inde,
1061 4583 1123 4618 cum
1141 4567 1231 4632 prima
1249 4547 1338 4618 edific
1358 4568 1393 4619 de
1412 4585 1464 4620 nou

168 4653 300 4718 degeneri
319 4659 395 4704 statu
413 4654 611 4705 Germanorum
630 4669 742 4703 carmen
759 4669 785 4704 v.
799 4652 840 4702 nl.
860 4668 965 4718 „prope
984 4669 1048 4703 rura
1066 4653 1148 4703 Liei⁸⁹
1165 4651 1320 4702 Arminium
1339 4669 1464 4720 pugnare

169 4737 299 4802 iecisset,
319 4739 405 4790 editio
422 4739 460 4792 11.
479 4754 504 4791 v.
518 4737 560 4788 60.
573 4737 659 4789 habet
678 4752 782 4803 „prope
800 4753 865 4789 rura
877 4737 1028 4803 Visurgis”.
1081 4735 1115 4769 Μ
1133 4752 1278 4802 excerpere
1291 4740 1353 4788 1.2.
