3294 5408
426 364 547 400 HVT'I'ENI
562 364 596 398 DE
611 363 766 400 rrscd'rvnn
779 363 949 400 VBHB'I'ORV!
961 365 1113 401 HBBOICVH.

330 519 462 580 t'iveutes
485 517 599 579 tabulae.
623 518 684 579 sidu
708 520 778 597 ipsis
801 517 902 579 baiesen
927 538 1006 579 overas

329 622 365 681 Et
386 623 481 682 ditatae
504 621 620 681 choreae
644 622 774 680 numeris
797 628 826 680 et
848 619 936 682 molle
959 621 1106 683 theatrum

328 727 487 802 Scunraque
504 730 715 800 nocturnaeque
731 722 839 801 epula:
863 722 918 783 sibi
934 722 1063 785 baisamu
1081 724 1241 803 inungunt,

290 848 315 887 as
329 827 420 904 tuipse
444 824 505 884 tuto
527 843 659 903 gemmas
681 830 710 884 et
733 826 853 885 coccina
876 832 1002 904 syrmata
1026 833 1157 887 verrunt.

327 930 402 987 Sunt
424 926 532 997 nardo,
555 934 625 987 sum
646 933 735 986 strata
759 945 847 987 eroco
869 926 1022 995 subsellia,
1046 944 1100 989 uec
1121 929 1179 989 iam

328 1030 468 1090 Transtra
493 1029 607 1106 torique
629 1030 744 1089 animos
765 1036 878 1089 terrent
900 1029 1026 1109 malique
1048 1044 1185 1109 vagasque

329 1131 474 1193 Comibus
496 1138 643 1191 antemnae
665 1138 693 1190 et
717 1132 813 1190 nautis
836 1131 991 1192 metuenda
1015 1130 1192 1212 Citarybdis'

329 1232 501 1313 Scyilreique
526 1251 614 1295 canes
636 1239 723 1310 atque
747 1231 897 1293 elatrantia
921 1236 997 1296 saxis

278 1359 315 1399 roo
331 1337 458 1396 Monstra
482 1334 608 1414 Notique
631 1333 709 1395 leves
731 1352 820 1395 errrsu
843 1334 1004 1413 Boreaeque
1027 1335 1176 1398 volucres:

329 1439 388 1497 iarn
412 1437 530 1497 desueta
554 1454 644 1514 opera
667 1443 754 1516 atque
777 1456 831 1497 usu
855 1437 990 1498 damnata
1011 1440 1134 1500 recenti.

329 1538 459 1602 iioribus
481 1538 526 1599 ms
549 1557 615 1599 cuin
639 1541 696 1598 iam
720 1547 839 1599 0001010
862 1539 997 1601 durasset
1019 1543 1048 1601 in
1070 1559 1164 1605 anuos

328 1644 421 1720 dtque
443 1640 516 1701 aiios
537 1648 654 1701 eentum
678 1636 795 1701 Veneta
817 1643 939 1721 piscatio
962 1644 1073 1720 gentis,

327 1745 411 1805 iratas
434 1744 582 1804 tremuere
605 1742 707 1821 Alpes,
731 1744 789 1803 ruit
811 1744 903 1804 excita
928 1743 1014 1806 celsis
1100 1810 1105 1819 ,

277 1847 353 1912 rosi]
375 1844 503 1924 speculis
526 1845 625 1923 regina
649 1847 743 1905 avium
767 1863 915 1924 cursuque
938 1845 1044 1907 librato

326 1948 358 2008 iu
381 1947 506 2008 Venetas
529 1954 659 2007 armatur
683 1964 768 2025 opes,
792 1964 850 2006 non
874 1949 936 2027 ipsa
959 1949 1116 2011 nefandum

329 2051 476 2111 diiectans
498 2047 645 2127 predum,
668 2049 720 2110 sed
744 2059 859 2128 raptum
883 2057 915 2112 ut
936 2049 1042 2112 liberat
1065 2050 1183 2121 orbem.

326 2153 363 2215 Ut
386 2149 575 2229 spoliatorum
597 2153 703 2213 misere
726 2153 901 2229 patrimonia
924 2169 1051 2230 regum.

326 2254 527 2333 Restituetque
549 2253 615 2314 loeo
638 2253 785 2332 donetque
808 2253 968 2316 heredibus
989 2256 1089 2334 aequis.

276 2379 313 2420 uo
327 2356 475 2426 Teutone,
499 2356 569 2435 quid
593 2355 694 2425 iaciat,
717 2356 813 2417 fertur
836 2358 974 2435 quesisse
996 2359 1146 2428 iuventus,

326 2458 455 2536 Tempus
477 2458 521 2528 id,
545 2477 581 2519 ex
603 2458 720 2537 Aquita,
744 2458 814 2536 quid
836 2466 903 2537 agat
925 2462 1079 2521 conamine
1101 2467 1198 2529 nuto,

326 2561 362 2621 m
384 2579 442 2640 quo
465 2559 521 2620 tela
546 2561 632 2628 ierat,
657 2578 744 2639 quem
767 2578 799 2621 se
822 2563 864 2622 sie
886 2570 982 2622 armet
1005 2563 1033 2623 in
1057 2562 1183 2625 bostem.

125 2771 190 2818 rem'
214 2782 275 2817 eum
299 2766 381 2826 feeit,
404 2767 468 2824 „der
486 2765 628 2828 Srddpscrs
646 2765 751 2828 Apelles
771 2765 933 2829 Gemdtde”)‚
954 2780 987 2816 ex
1009 2765 1063 2816 hoe
1081 2765 1167 2817 Plinii
1190 2764 1243 2831 (H.
1256 2769 1288 2819 N.
1302 2770 1412 2822 XXXV.

127 2851 206 2915 10,ao.
220 2868 292 2901 num.
310 2850 359 2913 ll.)
378 2850 440 2900 loco
459 2849 526 2898 mibi
544 2848 737 2914 explicandum
756 2865 816 2899 esse
836 2851 968 2901 videturz·
983 2849 1106 2912 „Scitum
1131 2856 1174 2903 est
1191 2853 1263 2903 iuter
1280 2854 1411 2919 Protoge-

124 2955 185 2989 nem
205 2936 347 3003 [pictorem
366 2934 566 2985 nobilissimum
586 2939 614 2983 et
631 2930 809 3000 statuarium]
831 2939 859 2984 et
878 2950 938 2985 eum
957 2931 1105 3001 [adpellem¹
1133 2940 1192 3002 qui,
1216 2942 1247 2987 nt
1264 2937 1336 2988 idem
1355 2937 1412 2988 Pli-

124 3026 185 3073 uius
204 3024 258 3080 ait,
279 3026 308 3071 et
326 3036 419 3070 omnes
438 3020 514 3085 prius
533 3019 643 3081 genitos
663 3019 823 3084 futurosque
841 3023 939 3085 postea
957 3018 1108 3087 superavit]
1128 3020 1200 3087 quod
1218 3023 1330 3072 eccidit.
1359 3023 1411 3073 Ille

124 3108 219 3159 Rhodo
242 3107 368 3165 vivebat,
397 3119 448 3169 quo
472 3118 533 3152 cnm
552 3100 664 3168 Apelles
687 3105 894 3169 navigavisset‚
918 3104 1016 3156 avidus
1040 3106 1228 3173 cognoscendi
1250 3109 1413 3173 operactus

124 3195 200 3244 sams
217 3197 325 3242 tantum
343 3191 396 3240 sibi
415 3189 520 3254 cogniti
538 3189 667 3239 continuo
687 3188 827 3239 officinam
846 3189 936 3255 petiit.
957 3191 1056 3241 aberat
1072 3192 1141 3258 ipse,
1160 3191 1209 3242 sed
1221 3191 1343 3243 tabulam
1358 3208 1412 3243 am-

124 3279 177 3345 plae
196 3275 394 3344 magnitudinis
413 3276 440 3324 in
459 3273 588 3324 maehina
607 3279 732 3341 aptatam
750 3290 805 3324 una
824 3274 1000 3326 custodiebat
1018 3291 1095 3327 anus.
1114 3276 1175 3328 hoee
1193 3278 1261 3328 foris
1274 3293 1334 3329 esse
1347 3279 1412 3328 Pro·

123 3372 252 3431 togsnem
280 3360 421 3427 respondit
449 3360 684 3425 interrogavitque
709 3376 725 3408 a
749 3375 801 3424 quo
830 3361 974 3426 quaesitum
997 3361 1112 3413 diceret.
1149 3361 1199 3412 ‘Ab
1223 3362 1295 3427 hon',
1324 3364 1414 3428 iuquit

122 3448 243 3517 Apelles,
263 3450 429 3512 arreptoque
448 3443 579 3510 penicillo
598 3444 700 3495 lineam
720 3461 753 3494 ex
772 3445 862 3495 colore
881 3445 958 3496 duxit
976 3460 1086 3498 summae
1105 3449 1249 3499 tenuitatis
1267 3464 1316 3515 per
1333 3448 1413 3501 tabu-

123 3536 188 3586 lam.
224 3534 345 3584 Reverso
363 3533 520 3596 Protogene
539 3545 599 3595 quae
618 3534 699 3595 gesta
717 3536 796 3580 erant
814 3546 882 3581 anus
908 3530 1051 3583 indicavit.
1088 3532 1181 3583 ierunt
1198 3532 1334 3584 artificem
1352 3551 1412 3602 pro·

123 3620 198 3670 tinus
216 3615 402 3682 contemplata
420 3615 576 3681 suptilitate
595 3615 696 3666 dixisse
716 3614 849 3681 ‘Apellam
867 3617 992 3680 venisse,
1015 3632 1071 3667 non
1089 3616 1189 3669 cadere
1206 3618 1235 3669 in
1254 3618 1338 3670 alium
1356 3626 1413 3669 tam

124 3703 278 3756 absolutum
292 3700 379 3769 opus'‚
398 3702 540 3768 ipsumque
555 3700 609 3750 alio
628 3700 720 3751 colore
739 3702 891 3751 tenuiorem
908 3701 1012 3752 lineam
1029 3702 1162 3768 penicillo
1180 3703 1208 3754 iu
1226 3703 1276 3754 1110
1293 3705 1355 3770 ipsa
1367 3704 1413 3753 du·

122 3791 197 3841 01000
216 3788 417 3852 abeuntemque
435 3787 612 3851 praecepisse,
632 3788 656 3835 si
675 3784 793 3837 redisset
810 3786 867 3847 1110,
888 3786 1047 3838 ostenderet
1059 3786 1238 3855 adiceretque
1257 3789 1413 3840 ι1000000εο

124 3890 203 3941 quern
222 3874 375 3940 quaereret.
396 3879 479 3937 atque
499 3872 539 3919 ita
558 3871 665 3921 evenit:
685 3871 832 3921 revertitur
851 3872 923 3921 enim
941 3872 1067 3938 Apelles,
1087 3873 1136 3924 sed
1153 3874 1229 3926 vinci
1247 3874 1413 3925 erubescens

123 3960 205 4010 tertio
224 3958 315 4010 colore
334 3957 425 4008 lineas
443 3957 541 4018 secuit,
560 3955 663 4007 nudum
682 3955 839 4025 relinquens
859 3956 975 4023 amplius
992 3957 1144 4024 suptilitati
1160 3958 1258 4009 locum.
1294 3960 1331 4009 nt
1348 3960 1413 4009 Pro·

123 4052 237 4110 togeues
255 4045 359 4095 vietum
377 4060 407 4094 se
427 4043 570 4093 coufessus
588 4041 617 4092 in
634 4047 743 4106 portum
768 4041 908 4093 devolavit
930 4042 1066 4109 hospitem
1090 4058 1229 4109 quereum
1253 4043 1412 4109 placuitque

122 4131 164 4181 sie
184 4126 628 4194 0000101101οιοι00000010100011,
651 4127 771 4176 omnium
795 4127 917 4192 quidem,
941 4127 990 4179 sed
1015 4127 1152 4179 artificum
1174 4130 1314 4195 praecipuo
1333 4129 1413 4180 mira·

124 4214 212 4266 0010”.
281 4212 303 4245 ⁰³
323 4229 412 4264 cereae
432 4217 454 4261 1.
518 4209 541 4243 ⁹⁴
560 4210 704 4277 Seoenaqj,
724 4216 750 4261 2.
814 4211 1237 4280 97100110.1.010011100011000
1254 4214 1302 4264 ubi
1320 4218 1412 4265 nautae

122 4301 253 4351 sedentes
271 4299 420 4365 remigant,
440 4313 493 4347 non
512 4295 619 4361 Sparten
637 4299 683 4347 des
695 4296 797 4362 Srdiffs.
851 4295 915 4340 ⁹⁸⁴4
938 4297 980 4348 Cf.
998 4299 1076 4363 Verp.
1091 4298 1141 4349 ecl.
1156 4298 1412 4365 V1.id.sqq.deu.

122 4386 173 4435 111.
187 4384 246 4435 420.
259 4401 317 4463 sqq.
333 4401 355 4434 c.
370 4384 473 4433 Servio.
488 4383 583 4446 lippia.
599 4382 657 4432 fab.
671 4380 727 4431 lud.
743 4382 822 4433 alios.
875 4383 896 4414 ⁹⁹
916 4383 1041 4448 Scitleiq3
1059 4385 1118 4433 edd.
1172 4381 1260 4448 elata]
1275 4386 1290 4434 ί.
1298 4401 1320 4434 e.
1335 4401 1349 4435 e
1369 4400 1412 4436 sa·

122 4473 164 4521 xis
182 4469 246 4520 latr.
300 4469 332 4500 ¹⁰⁰
353 4471 431 4532 Vere.
446 4468 512 4517 den,
526 4468 557 4516 V.
571 4467 629 4516 212.
649 4504 664 4527 ,,
675 4503 691 4515 ..
704 4473 769 4517 noto
789 4468 871 4518 eitius
889 4467 1049 4533 volucrique
1067 4469 1173 4541 sagitta
1191 4469 1232 4518 dd
1250 4474 1352 4521 terram
1370 4471 1412 4521 fn·

122 4558 165 4621 git
177 4558 209 4606 ..”
229 4555 274 4604 VI.
288 4554 346 4614 355,
360 4571 399 4618 sq.
420 4559 519 4614 „notus
531 4551 696 4602 violentus''.
726 4559 805 4602 riotus
825 4568 948 4618 praeceps
962 4552 1032 4604 Ouid.
1047 4555 1127 4620 epist.
1142 4554 1181 4604 10.
1188 4564 1222 4604 30.
1275 4553 1349 4621 Bon]
1363 4555 1411 4606 Sil.

122 4640 187 4691 ltai.
201 4641 234 4690 X.
250 4639 290 4690 10.
304 4655 343 4704 sq.
363 4637 511 4699 „Velocius
530 4637 593 4686 iude
606 4638 750 4687 Haemonio
765 4640 853 4688 ltoreu
871 4654 1015 4704 pennaque
1034 4640 1148 4689 citatior
1166 4641 1250 4690 ibat''.
1304 4639 1336 4673 ¹⁰⁵
1354 4657 1412 4707 reg.

124 4723 225 4791 avium]
245 4724 345 4807 Aquila
365 4721 598 4788 campariciis.
670 4721 701 4755 ¹⁰⁸
719 4741 813 4790 septim
833 4729 857 4774 2.
912 4723 942 4755 ¹⁰³
961 4724 1116 4776 incredibus
1134 4730 1159 4775 2.
1181 4793 1186 4801 Ι
