3294 5408
442 396 565 432 nvnunnr
579 395 609 430 nt
623 394 737 431 nosslos
751 395 939 439 vaattntnvts
952 397 1036 432 LIBER
1050 397 1202 436 SECVNDVS·

374 550 428 611 Ilio
451 551 521 611 milii
544 536 603 610 non
627 552 721 630 patria
744 558 855 614 tantum
877 554 1007 614 sociatur
1030 554 1148 623 cadom,

461 652 512 712 Vix
536 655 624 713 aniani
648 661 714 713 voto
735 640 864 715 iunctior
886 652 960 715 altor
983 656 1051 733 agit.

365 746 436 814 '1100
458 755 533 816 clueo
556 774 603 816 ros
627 763 722 816 ratrrm
745 764 886 833 atigetur,
909 757 1026 834 iamque
1049 758 1174 836 iranger
1197 757 1245 818 ille

320 873 345 915 aa
454 857 504 917 llis
526 857 629 917 stndiis
650 858 769 918 iuvenes
791 856 893 918 extulit
915 857 1080 919 Ostlrorrios,
1295 857 1463 935 {mtrofflfg

372 960 408 1018 tt
429 958 661 1019 I’lmethonteum
684 967 821 1038 porrecta
845 959 947 1021 Silesia
970 961 1005 1021 ad
1028 969 1124 1021 ortum
1381 964 1463 1042 ineo.

458 1058 522 1120 Non
547 1059 618 1120 nihil
642 1062 670 1120 in
693 1069 792 1122 nostra
815 1061 902 1123 laude
925 1063 1041 1123 ‹lecoris
1064 1062 1167 1122 babet:

373 1161 427 1221 llic
451 1161 551 1222 faciles
574 1162 673 1240 elegos
695 1163 838 1224 Corvirms
861 1164 981 1241 protulit
1004 1172 1104 1231 utitor.

322 1284 347 1324 ιι
456 1264 511 1334 Qui
534 1266 657 1342 patriam
679 1264 770 1325 Musis
793 1254 971 1346 ingenioque
994 1267 1080 1327 lavet.

373 1365 461 1425 Busta
486 1365 663 1443 Sigismnndi
686 1373 783 1427 tamen
806 1367 854 1428 hic
869 1344 1017 1429 ¹venerare
1040 1375 1150 1446 poeta,
1335 1364 1463 1452 {ffiw'

456 1466 662 1546 Intempestive
685 1487 772 1547 quem
796 1469 876 1529 dedit
898 1470 970 1530 hora
993 1471 1069 1530 neci.

371 1568 449 1629 Rura
473 1568 637 1630 Boliuslaus
659 1579 792 1631 montosa
814 1571 991 1633 Bobomicus
1013 1578 1115 1641 ornat,
1291 1568 1462 1647 ffiffifflss

321 1690 345 1732 n
454 1671 520 1748 lpse
543 1672 632 1732 decus
654 1674 741 1733 varim
763 1672 922 1734 nobilitatis
944 1673 1071 1741 habens:
1291 1655 1409 1697 ‘mmm'

371 1773 524 1849 Ingenium
547 1773 630 1834 velox
654 1782 683 1835 et
704 1774 802 1835 nobile
824 1784 946 1835 sternma
969 1783 1125 1853 parentum

456 1874 531 1935 IInic
553 1876 633 1936 ‹teun
655 1883 685 1937 et
706 1875 847 1954 pulchras
868 1879 968 1938 Antias
990 1878 1071 1938 aeldit
1093 1894 1179 1954 opem

373 1977 409 2037 Et
430 1979 530 2055 patria¹
553 1995 675 2037 consors
697 1979 775 2056 apud
798 1978 877 2039 launo
899 1979 969 2039 mihi
992 1980 1118 2040 Sturnos
1140 1979 1284 2043 amicum.
1353 1976 1456 2057 Am

319 2100 345 2139 a
454 2078 636 2139 Francorum
660 2080 742 2140 cuius
765 2083 883 2142 nominc
906 2079 1009 2158 vulgus
1032 2088 1107 2143 orat.

235 2352 258 2386 ³⁶
275 2353 312 2402 Hi
332 2352 440 2413 fratros,
461 2351 558 2415 quibus
575 2352 713 2402 IIuttenus
731 2353 825 2402 Artem
843 2304 1072 2403 virsificatoriam
1095 2351 1239 2418 inscripsit
1263 2349 1329 2414 (rol.
1342 2351 1365 2401 I.
1379 2367 1406 2416 p.
1422 2351 1459 2401 15.

169 2454 209 2504 sq.
223 2454 250 2488 n.
263 2436 338 2502 vin),
358 2436 410 2486 tilii
421 2435 529 2485 Ewaldi
547 2452 600 2486 von
618 2437 667 2486 der
679 2437 793 2499 Ostlren,
814 2439 859 2502 qni
872 2438 993 2503 Bugslao
1006 2439 1039 2488 X.
1054 2454 1070 2487 a
1090 2434 1214 2487 consiliis
1233 2436 1296 2499 fuit,
1317 2441 1380 2501 post
1391 2437 1459 2485 Hat-

169 2524 227 2573 teni
250 2523 333 2572 etiam
358 2522 509 2571 abitionem
527 2523 705 2572 Francofnrti
730 2527 927 2573 remanserant.
964 2522 1131 2573 ‘Alexander
1152 2521 1187 2571 do
1207 2520 1293 2571 Osten
1311 2522 1395 2571 Dioc.
1410 2519 1459 2570 Ca·

169 2609 241 2659 mia)
261 2607 325 2658 albo
344 2607 422 2657 acad.
436 2607 528 2657 Viteb.
542 2608 719 2670 (Foratemonn
738 2626 764 2674 p.
779 2606 834 2671 56.)
854 2609 1001 2674 inscriptus
1015 2614 1056 2658 est
1075 2625 1100 2658 a.
1116 2606 1190 2659 1515.
1206 2611 1234 2656 ot
1248 2605 1397 2657 ‘Iohannes
1407 2621 1459 2657 ron

169 2694 218 2745 dor
236 2691 359 2743 Oesthen
377 2691 533 2742 Canonicus
547 2690 687 2743 Caminon.
703 2693 742 2742 15.
756 2692 841 2759 Sept)
857 2710 881 2743 a.
897 2692 970 2742 1518.
984 2709 1037 2743 non
1050 2692 1149 2742 multos
1168 2691 1227 2742 dies
1244 2695 1308 2757 post
1319 2690 1459 2742 Melanch·

167 2780 280 2829 thoncm
298 2777 434 2841 (Fdretem.
447 2793 473 2843 p.
487 2777 528 2825 72.
542 2775 609 2840 lb),
635 2793 751 2842 quocum
776 2779 903 2828 amicitia
927 2779 1090 2828 coniunctus
1116 2778 1183 2829 IuIt.
1207 2782 1238 2826 nt
1261 2793 1322 2828 cum
1341 2776 1456 2828 Eobano

168 2864 265 2914 Hesso.
285 2862 355 2912 obiit
366 2861 556 2927 Vittenbergae
575 2862 662 2927 pridie
682 2862 721 2915 Id.
740 2862 799 2913 Iun.
813 2880 838 2912 a.
855 2862 928 2913 15111.
963 2862 1119 2913 Alexander
1136 2863 1267 2912 Barnimo
1285 2862 1335 2912 xl.
1353 2861 1456 2927 Philip·

168 2964 257 3015 poque
275 2949 297 2999 1.
310 2946 427 2997 ducibus
446 2963 462 2997 a
481 2946 605 2997 consiliis
624 2947 685 2996 luit.
721 2949 835 2998 Poterat
851 2948 1055 3013 Stranrbergius
1074 2948 1107 2997 dc
1125 2947 1169 2997 liis
1187 2962 1293 3013 quoquo
1306 2946 1456 3009 Ostheniis,

167 3035 215 3085 ubi
233 3034 266 3084 do
283 3033 338 3083 hac
355 3037 439 3108 gente
458 3034 494 3096 (in
512 3031 615 3083 Ercedir'
627 3032 703 3083 Grub.
716 3033 822 3099 Euryel.
834 3050 857 3082 o.
872 3032 969 3096 Oeten)
987 3033 1118 3084 disseruit
1138 3048 1193 3082 non
1211 3031 1287 3081 nulla
1306 3047 1340 3082 cx
1352 3031 1455 3083 1101ιηί-

167 3120 214 3169 kio
226 3118 441 3183 Pomeranisquo
453 3117 631 3182 scriptoribus
644 3117 683 3166 ibi
701 3117 821 3168 laudatis
840 3117 1018 3168 addidicisse.
1065 3116 1087 3149 ³⁷
1098 3117 1252 3183 Ubartcutcd
1263 3121 1286 3168 1.
1334 3116 1357 3148 ⁸⁹
1375 3118 1455 3168 Laur.

168 3203 301 3254 Corvinus
314 3201 425 3265 (Habet)
443 3202 639 3253 Novoloronsis
652 3201 775 3265 silesiae,
789 3208 845 3254 reat.
861 3220 885 3252 a.
895 3202 968 3253 tota.
983 3202 1024 3267 (l),
1040 3208 1114 3252 certe
1129 3218 1183 3253 non
1197 3202 1271 3252 lotia.
1286 3200 1329 3267 (nt
1342 3202 1399 3253 iam
1412 3201 1454 3252 alii

166 3288 321 3339 Ioeolrerum
332 3303 359 3338 v.
374 3286 516 3349 Corvinus,
535 3288 628 3349 Lana,
649 3291 676 3337 ot
688 3286 799 3337 Sunium
813 3289 1002 3352 ciriondarunt)
1015 3288 1033 3350 †
1046 3305 1071 3337 a.
1089 3287 1160 3347 1527,
1179 3285 1364 3353 Philosophus
1376 3288 1454 3337 histo·

168 3376 294 3438 ricusquo
314 3374 343 3422 in
361 3371 462 3422 Silesia
480 3373 574 3423 docuit
592 3372 802 3438 Cracovioeqne,
826 3375 872 3424 ubi
894 3374 1011 3423 maxime
1031 3371 1175 3435 inclaruit,
1198 3371 1399 3437 Bobsliumque
1418 3373 1453 3422 in·

167 3459 290 3509 toralias
303 3457 468 3523 discipulum
481 3457 590 3519 habaiu
610 3459 760 3507 carminum
773 3459 926 3509 uberrimus
939 3459 1065 3524 scriptor,
1079 3459 1151 3507 inter
1164 3472 1224 3522 qnoe
1237 3462 1300 3506 sunt
1312 3457 1352 3506 Ile
1366 3457 1453 3506 Sileria

168 3550 192 3594 et
205 3545 275 3593 Noua
285 3544 345 3606 foro
365 3549 392 3594 ot
410 3544 443 3593 dc
458 3544 564 3594 Palania
581 3550 605 3592 et
621 3544 751 3594 Craeoolo.
787 3543 939 3609 Conposuit
956 3545 1039 3593 otiam
1058 3541 1242 3595 aclrolastioos
1254 3540 1349 3601 libros,
1369 3540 1454 3607 qualit

168 3633 210 3677 ost
228 3627 370 3677 Cracovim
389 3644 414 3677 a.
431 3626 503 3683 teta,
522 3628 612 3680 editus
631 3629 814 3693 Cornpendt'oaa
837 3632 991 3679 attonsorum
1014 3632 1149 3679 cornetanae
1170 3634 1314 3681 structura.
1333 3627 1454 3677 Hortatur

166 3715 355 3777 eloquentiorem,
375 3714 492 3763 Latinum
505 3713 612 3772 lilinum,
631 3714 665 3763 de
684 3728 736 3779 quo
750 3714 818 3778 Epp.
832 3714 931 3763 Obsce.
946 3716 1008 3763 virr.
1024 3714 1045 3762 1.
1058 3704 1094 3763 tt.
1132 3713 1271 3763 Catlrcdra
1289 3711 1392 3761 relicta
1409 3726 1453 3777 pu·

167 3798 249 3848 blicis
271 3797 428 3847 muneribus
446 3798 557 3847 iunctus
576 3804 617 3848 est
635 3797 756 3848 'I'horuni
775 3798 1016 3863 Vratislarioequo.
1047 3797 1091 3846 Cf.
1105 3797 1220 3855 Erlrard.
1236 3797 1336 3847 Gescb.
1351 3797 1401 3847 dos
1413 3796 1453 3845 W.

167 3885 215 3935 dor
226 3883 393 3933 Wissensolr.
407 3884 457 3933 111.
472 3901 498 3950 p.
512 3882 570 3933 307.
584 3899 624 3947 sq.
693 3881 713 3914 ⁴¹
733 3884 775 3932 De
798 3883 849 3933 hoc
868 3881 999 3948 προωρίῳ
1021 3888 1105 3948 poeta
1124 3882 1311 3948 Sigismnndo,
1336 3897 1416 3947 quem
1439 3896 1455 3929 a

166 3970 229 4020 vico
247 3967 382 4017 Silesiaco
400 3968 548 4018 Iluchwuld
568 3969 790 4033 cognominatum
809 3983 869 4018 osso
888 3974 995 4033 putem,
1020 3983 1071 4017 nce
1091 3968 1156 4017 mihi
1176 3972 1294 4017 coristat.
1347 3965 1371 3998 ⁴³
1389 3968 1418 4031 D.
1433 3969 1454 4015 I.

166 4052 320 4103 Bohuslaus
339 4052 371 4101 do
391 4052 566 4115 Lobkowitz‚
591 4053 715 4103 dominus
734 4052 767 4103 de
786 4053 982 4111 IIassonatein,
1005 4053 1102 4102 studiis
1127 4058 1155 4102 et
1173 4052 1251 4102 libris
1269 4067 1287 4101 a
1305 4067 1335 4102 se
1356 4068 1453 4118 conge·

167 4141 226 4201 stis,
244 4137 391 4187 itineribus
414 4138 624 4203 muneribusque
636 4139 754 4199 iunctis,
768 4137 937 4189 liberalitate
950 4154 1018 4204 erga
1036 4138 1132 4188 ‹Ioctos
1149 4139 1253 4187 amicos
1264 4138 1389 4187 exercita
1402 4136 1454 4187 ela·

167 4240 220 4287 rus,
240 4222 310 4273 obiit
322 4222 440 4272 nondum
451 4222 578 4272 XLVIII.
592 4225 684 4273 aetatis
703 4238 774 4272 anno
792 4230 906 4289 peracto
920 4240 974 4274 non
988 4223 1071 4289 longe
1085 4227 1146 4288 post
1159 4222 1207 4271 hos
1219 4237 1315 4272 versus
1327 4224 1454 4289 scriptos,

167 4309 368 4360 d.12.Nov.a.
386 4306 458 4357 1510.
489 4308 569 4356 Hune
595 4308 760 4358 ‘nobiIItaiis
784 4309 916 4358 eolnmen¹
942 4307 1083 4374 adpellare
1106 4305 1204 4357 solitus
1228 4312 1271 4356 est
1289 4306 1454 4359 Eitelvollna

166 4409 231 4444 vom
260 4392 351 4454 Stcin,
383 4396 454 4443 teste
477 4393 600 4443 Hutteno
625 4392 678 4444 rol.
697 4394 718 4446 1.
737 4410 762 4458 p.
776 4393 816 4443 -13,
837 4395 860 4455 ἓ.
874 4393 915 4444 31.
946 4393 1055 4443 videsis
1081 4392 1197 4442 loeclier.
1216 4409 1242 4444 v.
1262 4391 1453 4443 Hassonsteia.

166 4478 275 4530 Erbard
290 4476 308 4528 I.
323 4476 602 4544 c.111.p.‘200...2·2tt.
671 4476 693 4509 ⁴⁰
711 4476 818 4544 Antias]
841 4479 921 4536 attia,
940 4484 1048 4543 gratnm
1067 4492 1127 4542 ‹111ae
1146 4477 1219 4541 regis
1237 4477 1357 4527 Autinm'
1376 4479 1452 4540 (lior.

167 4563 257 4615 Carm.
271 4563 293 4613 1.
306 4562 394 4627 35,1.),
413 4565 535 4613 Fortuna
548 4563 692 4629 equestris.
712 4564 749 4613 ci.
762 4563 884 4618 dlacrob,
899 4564 920 4612 1.
934 4563 975 4612 25.
1036 4561 1058 4593 ⁴⁷
1076 4563 1116 4611 lo.
1130 4562 1245 4612 Sturnus
1264 4561 1349 4626 (Star)
1369 4560 1452 4613 Smal·

169 4648 317 4710 caldensis,
337 4650 371 4699 ab
391 4649 504 4699 Eobano
523 4651 608 4698 etiam
626 4648 744 4712 (Sylvar.
757 4649 778 4698 1.
794 4664 876 4698 carm.
891 4646 1015 4712 pnurnlt.)
1041 4653 1069 4695 et
1087 4647 1301 4697 Ilassonsteinio
1321 4647 1447 4697 Ilnschio-

169 4749 219 4797 qne
233 4732 360 4795 (attonuit.
374 4750 400 4799 p.
413 4733 471 4783 558.
486 4740 555 4798 sqq.)
569 4733 736 4783 camerinibns
749 4733 905 4782 cedebratns
919 4734 1054 4795 (Carnona,
1069 4731 1179 4781 Itolntsl.
1194 4748 1220 4782 v.
1236 4732 1368 4782 Lobkow.
1382 4731 1447 4787 nacla
