3294 5408
233 358 306 428 552
338 368 516 422 ADDENDA
528 369 576 420 AD
590 367 673 420 VOL.
687 369 723 419 11.
743 365 924 419 cccxxxxu*.
938 382 1070 421 secuero
1085 384 1227 422 nonnus
1245 381 1475 420 cantamen.

397 565 421 604 oo
437 544 564 601 ‘Caussa
587 546 668 598 actor
690 543 782 612 turpis
803 556 933 597 caussam
951 541 1071 615 sudabit
1094 542 1265 598 honestam
1276 536 1297 599 ⁹.

435 628 598 700 Impositum
620 642 686 698 erqo
710 626 832 682 bumeris
848 628 954 682 nostris
970 643 1027 698 pro
1048 628 1161 684 viribus
1186 631 1300 700 impar

438 714 528 769 Nosco
550 727 619 768 onus
636 712 808 778 adorandus,
831 726 908 767 cesso
930 712 1049 783 caeloque
1071 716 1226 769 monenti.-

443 798 507 854 l'isa
529 814 629 852 caream
650 797 728 852 modo
750 802 778 851 et
800 797 911 852 auditos
932 811 970 852 ecc
990 800 1102 853 numine
1125 812 1241 853 versus

436 884 595 939 Posteritas
616 884 686 954 leqet
709 887 794 952 atque
815 883 902 937 omnis
923 882 1073 937 mbobdur
1092 888 1185 938 atas.

399 987 424 1026 os
502 968 592 1033 Ecce,
615 967 750 1022 duodenis
767 984 822 1037 qua
842 968 938 1023 coelum
958 966 1124 1022 animalibus
1149 967 1259 1024 orbem

437 1053 544 1110 Circuit
562 1052 697 1123 obliquum
719 1051 852 1107 adversos
871 1057 897 1106 et
920 1053 1036 1124 despicit
1056 1054 1153 1124 squas,

437 1137 541 1209 Inqens
560 1137 704 1209 eqreditur
721 1153 884 1208 maqnorum
906 1136 989 1193 tnrba
1008 1137 1126 1191 deorum

437 1223 615 1293 Heronmqne
633 1221 733 1277 colors
753 1221 821 1276 clivis
840 1224 985 1293 permixta
1004 1221 1152 1294 superbis,

439 1306 533 1375 Qualis
552 1309 721 1362 inaccessam
743 1306 903 1362 iamdudum
924 1308 1040 1364 Carolus
1061 1307 1162 1362 urbem

400 1408 425 1447 to
440 1395 584 1464 Auqnstus
601 1393 745 1462 petiturus
767 1393 836 1457 erit,
860 1392 920 1459 tibi,
940 1391 1070 1457 Romule,
1094 1406 1224 1463 reqnum

439 1477 586 1532 instauret
610 1478 697 1531 veteri
717 1482 745 1531 et
768 1477 906 1531 reddatur
928 1477 1018 1532 Roma
1038 1477 1150 1546 decori,

441 1565 565 1616 duratus
582 1563 748 1633 qemmosque
769 1564 861 1616 nitens
880 1561 1043 1618 metuendus
1064 1566 1091 1617 et
1112 1563 1231 1630 armis,

439 1646 555 1717 Leqibns
576 1650 605 1701 et
622 1646 735 1717 placido
754 1646 868 1702 multum
888 1646 1051 1702 venerabiles
1071 1662 1138 1709 ore,-

439 1730 585 1786 Prcccedet
603 1730 665 1786 belli
683 1734 817 1803 pacisque
833 1737 956 1804 experta
978 1733 1103 1787 iuventus

401 1832 426 1873 rs
443 1816 542 1887 Effera
560 1831 677 1888 quaque
697 1818 763 1871 uiris
783 1819 832 1872 vin
856 1821 914 1873 tum
935 1816 1123 1872 moderabitur
1144 1822 1228 1872 oetas

439 1900 635 1972 Proesentiqne
655 1915 735 1956 senes
752 1903 859 1956 nonturi
878 1901 977 1958 robore
999 1903 1112 1967 inentis,

443 1985 495 2052 (leri
510 1988 636 2057 propriis
653 1988 766 2058 potiora
784 1988 880 2042 alienis
901 1989 999 2058 quique
1014 1987 1128 2058 periclo

442 2070 563 2142 Seliqere
580 2074 607 2125 et
621 2077 755 2143 possunt,
778 2077 805 2126 et
823 2072 998 2143 persuadere
1014 2073 1115 2142 periti,

443 2153 501 2221 Octo
522 2156 613 2226 fidant
629 2160 754 2228 partim,
770 2158 877 2227 partim
898 2159 1066 2229 timeantque
1087 2155 1229 2225 rebelles,

403 2256 428 2295 so
444 2240 589 2295 Consilium
606 2247 636 2301 ut
654 2244 764 2296 steterit
782 2243 918 2313 conqestis
936 2240 1037 2298 viribus
1058 2257 1180 2313 oeqnum.

441 2325 567 2380 Divinum
589 2333 630 2381 est
654 2329 728 2397 qnod
743 2329 791 2397 qui
811 2332 955 2392 metuunt,
979 2331 1151 2381 verterentur
1167 2333 1199 2381 et
1223 2331 1369 2402 ardent,

440 2408 603 2481 Insequitur
625 2412 709 2466 varies
728 2412 880 2482 completus
897 2411 1024 2484 qentibus
1044 2411 1127 2477 ordo,

441 2493 589 2551 innumeri
600 2502 703 2568 patres
724 2502 752 2551 et
774 2513 829 2551 non
850 2496 1020 2551 numerabile
1037 2497 1144 2568 vulqus.

444 2579 519 2634 Talis
536 2583 592 2636 orsa
615 2580 681 2635 miid
700 2587 741 2637 est
762 2581 947 2638 bonorumet
969 2582 1126 2637 commixtio
1147 2583 1277 2639 diram:

403 2678 428 2720 ss
443 2662 525 2719 Inter
546 2667 674 2721 victrices
694 2668 817 2723 olearum
840 2669 938 2722 mietio
959 2667 1058 2722 laurus

442 2751 571 2805 Aeternis
592 2751 739 2806 iucurednm
757 2753 867 2808 hederis
888 2751 1008 2807 addebat
1027 2750 1175 2815 notiorem,

444 2835 565 2890 Naribus
586 2835 726 2892 ambrosia
742 2844 784 2893 est
807 2839 897 2892 tutius
917 2843 1053 2909 concepta
1077 2835 1195 2893 tbeotri.

443 2921 529 2974 Arma
550 2920 610 2992 seri
629 2920 733 2977 Martis
754 2929 847 2978 vatum
867 2923 1021 2994 prudentia
1041 2923 1129 2977 maior

446 3005 594 3076 Temperat
615 3012 642 3061 et
666 3008 767 3063 vindex
785 3023 883 3079 aqmen
902 3009 1048 3063 militatur
1063 3008 1221 3078 utrinque,

404 3104 430 3143 so
447 3090 542 3145 Omnia
563 3094 685 3163 castiqat
706 3094 801 3147 melius
819 3095 974 3164 prasentia
996 3093 1069 3159 caii,

442 3175 507 3245 lpse
530 3175 694 3231 Laertiades
715 3193 817 3232 coccum
838 3184 866 3232 et
888 3177 1032 3232 ilienelans
1052 3177 1211 3232 Homerum

442 3260 588 3315 Dorcebant
610 3267 637 3315 et
655 3261 690 3315 ab
711 3261 763 3316 boc
786 3268 896 3318 tantam
918 3265 1058 3334 accepisse
1075 3261 1232 3333 fatentur,

445 3344 556 3410 Qeeanta
576 3352 669 3415 potest
691 3346 793 3402 bomini
812 3351 940 3420 cuiquam
962 3351 1135 3420 contioque,
1157 3347 1306 3418 samam.-

446 3429 568 3485 Landati
586 3447 692 3486 morum
714 3434 792 3487 seecli
811 3433 883 3489 subit
905 3433 1015 3488 Ennius
1034 3436 1107 3488 inter

404 3529 429 3568 os
446 3514 593 3585 Scipiadas
607 3515 682 3588 lelio:
703 3518 842 3573 laudatos.
864 3519 909 3574 iiic
933 3531 1039 3592 quoque
1056 3517 1111 3574 ridi

445 3599 612 3654 Nostrorum
635 3617 729 3674 requm
750 3604 845 3675 oroqos
866 3603 992 3659 rubuisse
1013 3617 1065 3658 nec
1086 3617 1146 3657 esse

444 3683 498 3750 Qui
519 3691 654 3742 canerent
672 3701 712 3754 se,
736 3689 804 3744 ullos
824 3704 875 3744 nec
896 3704 927 3744 se
945 3688 1048 3761 secisse
1061 3692 1164 3760 poetas

450 3769 498 3824 Vel
519 3771 602 3826 rebus
617 3774 690 3844 paci
708 3775 793 3845 qestis
814 3773 934 3846 belloque
949 3773 1092 3829 canendos.

444 3853 520 3911 Pone
541 3855 615 3911 subit
628 3860 696 3928 pius
715 3861 838 3926 Aeneas,
859 3858 1023 3914 lectissimus
1041 3856 1138 3925 beros,

392 3953 429 3991 soo
443 3936 524 3994 Illius
547 3947 573 3995 et
595 3949 695 3997 saneta
718 3946 827 4000 satiens
844 3943 879 3999 ab
899 3946 1004 4016 oriqine
1022 3943 1131 4011 Ceasar,

442 4025 533 4097 Atque
548 4030 617 4097 pari
639 4027 750 4084 Latium
773 4029 926 4102 diqnantur
943 4028 1048 4086 bonore
1064 4033 1186 4100 poetam.

443 4108 499 4164 Hic
520 4125 569 4183 eqo
590 4115 721 4185 compleri
742 4116 820 4187 larqo
843 4115 1005 4188 spectacula
1025 4116 1099 4180 risu,

449 4192 519 4249 Vilia
541 4211 638 4269 nempe
659 4203 745 4272 moqis
765 4201 869 4256 Plauto
890 4214 1027 4256 exercere
1046 4199 1159 4254 molenti

452 4279 613 4353 Verqilinm:
638 4287 716 4341 tenui
734 4287 864 4358 qestabat
884 4290 1014 4341 stercora
1032 4283 1124 4339 cribro

240 4407 443 4419 ———-—

306 4475 328 4508 ⁸¹
347 4477 477 4542 coedoquo
496 4484 529 4529 1.
587 4482 608 4515 ⁶⁹
627 4484 742 4536 Carolus
762 4486 797 4536 M.
811 4487 924 4537 Romam
943 4487 1116 4537 coronandus
1133 4485 1267 4538 veniens.
1335 4492 1365 4528 ⁷⁰
1384 4498 1528 4568 Augmfis
1543 4505 1568 4549 ι.

240 4557 261 4592 ⁸¹
274 4561 291 4610 i.
307 4576 331 4614 o.
344 4563 400 4611 Eos
419 4565 464 4626 qui
484 4567 554 4630 quod
573 4576 636 4620 met.
650 4588 675 4626 v.
689 4577 718 4622 et
736 4572 843 4622 ardent.
880 4571 1161 4636 ⁸¹Unisoquitur1.
1210 4576 1390 4641 completur
1404 4589 1444 4637 Ι.
1482 4585 1568 4637 ”lob

241 4645 382 4696 sindona.
432 4648 460 4708 (ἰ.
475 4665 498 4699 o.
512 4651 628 4722 Ulixes).
664 4658 810 4708 Menelaus
827 4663 860 4711 ot.
901 4656 922 4689 ⁹⁰
941 4657 1094 4708 latissimus
1112 4660 1145 4705 ld.
1184 4653 1215 4688 ¹⁰¹
1236 4655 1361 4716 lucium
1384 4672 1424 4720 Ι.
1470 4670 1569 4737 (Verg's

241 4729 327 4794 lium).
345 4784 348 4791 ,
373 4729 410 4763 ¹⁰⁴·
420 4738 448 4774 ³⁴³·
463 4733 550 4796 „eum
564 4739 587 4789 is
601 4738 763 4810 [Vergilius]
779 4742 929 4809 aliquando
943 4743 1061 4792 Ennium
1073 4742 1103 4790 in
1115 4754 1198 4791 mauu
1211 4739 1349 4801 haberet
1364 4761 1569 4822 rogareturque
