3294 5408
176 387 184 397 ’
294 397 416 432 uvarum
429 397 466 433 AD
479 398 613 435 ΟΕΙΔΒΙΙ
626 399 840 436 ΙΛΧΙΙΠΛΔῊΙ
853 400 1076 439 ΙΡῙΘΒΔΙΙΔΊὟΙ
1088 401 1184 439 LIBR-

293 552 354 613 llac
377 553 479 614 Veneti
501 571 619 614 servare
642 555 730 615 iidem
753 555 789 616 de
812 555 895 617 clade
917 562 1076 617 monentur

377 655 534 736 Ruptaque
557 656 678 750 proluso
701 659 844 736 sanguine
866 665 950 736 pacta
973 657 1068 719 luunt

229 836 276 895 46.
311 840 526 892 BOMBARDAE
545 843 567 893 A
587 843 773 919 GERMANJS
791 843 913 895 onua
930 842 1162 895 navarreum

640 927 829 978 RECEPTAE.

292 1043 442 1106 Gallorum
465 1052 612 1106 tormenta
635 1064 755 1116 sumus,
779 1048 945 1108 Germanos
967 1046 1077 1108 ademit

291 1145 446 1217 Quondam
469 1147 544 1206 bosti
568 1149 676 1218 victor,
700 1166 781 1208 nunc
804 1147 902 1207 reddit
925 1149 1017 1208 victor
1040 1148 1145 1210 amico.

227 1329 273 1390 47.
411 1333 588 1384 OBSESSVS
607 1333 629 1383 Α
649 1334 780 1384 GALLIS
799 1331 874 1384 CVM
893 1332 1064 1385 SALVTEM

601 1417 866 1469 DESPERASSET.

291 1534 347 1606 Qui
370 1537 477 1597 misere
501 1543 585 1597 natus
607 1536 776 1598 miserabile
799 1538 913 1597 transiit
934 1555 1043 1607 aerum,

376 1637 460 1716 Sapo
483 1636 593 1698 malum
615 1645 694 1698 terra
719 1655 856 1718 saepeque
879 1656 984 1716 passus
1006 1639 1106 1718 aquis,

291 1737 343 1797 llic
367 1719 442 1799 iacet
464 1739 624 1800 Hutteuus:
649 1739 722 1801 Galli
746 1740 786 1800 uil
807 1740 864 1800 tale
888 1741 1014 1802 merenti
1125 1821 1127 1825 Ι

263 1863 273 1901 s
374 1839 524 1900 insontem
548 1840 651 1918 gladiis
674 1844 812 1920 eripuere
836 1843 974 1903 animam.

289 1941 320 2002 Si
343 1941 398 2000 luit
419 1940 476 2001 boc
499 1931 605 2010 latum,
628 1945 683 2004 vita
709 1943 876 2022 torquerier
898 1945 999 2012 omni,-

375 2042 560 2104 Censendum
584 2051 628 2103 est
651 2051 732 2106 recte
754 2044 950 2125 procubuisse
973 2046 1040 2105 cito.

290 2143 352 2204 Viri
376 2144 512 2223 equidem
536 2144 641 2212 illusis,
666 2148 796 2207 animum
820 2145 957 2225 coluique
979 2162 1034 2225 per
1056 2151 1151 2214 artes,

263 2266 276 2303 a
375 2245 432 2305 Sed
455 2263 525 2306 reor
547 2247 621 2306 irato
644 2266 690 2307 me
713 2247 858 2307 studuisse
881 2247 946 2308 deo.

289 2346 370 2407 ileos
393 2357 456 2406 erat
478 2365 557 2408 arma
581 2349 664 2426 sequi
688 2357 716 2409 et
731 2348 873 2411 Venatum
896 2349 951 2409 sub
967 2347 1082 2410 Caesare
1103 2340 1230 2417 bellum;

374 2447 482 2509 Verum
506 2447 563 2509 alio
586 2449 664 2510 bebo
687 2451 803 2511 concidi
826 2460 855 2512 et
876 2451 960 2512 hoste
983 2450 1056 2512 alio:

289 2549 479 2627 Pauperiem,
504 2549 639 2620 morbos,
663 2551 790 2630 spolium
814 2552 964 2631 frigusque
989 2552 1156 2631 famemque

252 2672 274 2711 u
374 2651 435 2711 Vita
460 2652 539 2711 omui
562 2660 589 2713 et
612 2672 677 2732 quae
699 2661 768 2714 sunt
789 2656 939 2733 asperiora
963 2652 1024 2715 tuli.

290 2751 379 2812 Recte
402 2761 517 2822 actum,
541 2755 634 2815 cecidi
657 2756 768 2816 iuvenis
790 2757 880 2816 miser
903 2764 932 2816 et
954 2755 1043 2816 miser
1066 2753 1148 2824 exul,

374 2853 416 2913 Ne
439 2857 549 2914 maiora
574 2855 684 2926 leram,
709 2875 745 2917 ue
769 2857 928 2936 videorque
951 2857 1033 2917 meis.

156 3008 208 3056 Ρνο
226 3008 311 3056 decem
328 3007 513 3070 posterioribus
531 3009 643 3057 uersibus
661 3011 686 3058 iu
704 3012 814 3072 epistula
831 3010 868 3057 od
885 3009 1010 3058 Pharium
1026 3015 1085 3058 aaut
1103 3013 1224 3074 quartuor
1240 3008 1310 3058 dice:

289 3111 315 3167 Si
340 3113 390 3167 luit
414 3130 444 3167 ex
471 3113 543 3173 loto.
567 3123 596 3168 ut
622 3122 695 3169 totos
718 3114 786 3169 rurale
810 3115 910 3169 viveret
934 3130 1036 3176 assiriis.

279 3184 283 3193 ’
373 3201 499 3271 tlptoturn
523 3205 579 3259 est.
603 3198 676 3271 quod
701 3207 754 3254 turn
776 3199 883 3255 corruit
906 3197 951 3253 ille
972 3199 1037 3257 cito.

289 3281 348 3355 lpse
370 3299 434 3337 suas
457 3283 541 3338 coluit
564 3300 613 3356 per
634 3283 708 3338 mille
732 3283 851 3357 pericula
876 3283 980 3344 llusas,

372 3366 403 3421 Et
427 3368 523 3439 quanti
547 3369 651 3441 potuit,
674 3367 802 3424 carminis
825 3376 905 3424 autor
927 3376 995 3425 erat.

225 3543 272 3601 48.
395 3555 398 3562 “
471 3549 686 3599 TROPHAEVM
705 3549 829 3599 iacobi
847 3550 896 3599 DE
916 3548 996 3599 uiis.

287 3667 366 3728 biars
389 3668 520 3745 genitor,
545 3675 626 3728 votos
649 3667 774 3729 lacobus
796 3668 902 3729 ductor
924 3668 1055 3729 bonores

371 3767 440 3828 llaec
462 3766 515 3828 tibi
538 3768 574 3829 de
597 3769 669 3830 lusis
691 3787 772 3830 arma
796 3768 874 3831 locat
896 3768 1022 3830 Venetis.

223 3949 270 4009 49.
504 3955 553 4003 llll
574 3955 728 4005 l'bNB’ris
747 3954 796 4004 AD
816 3954 1005 4006 cAESAREM.

287 4073 308 4132 F
312 4072 435 4134 erebant
457 4073 559 4134 Veneti
581 4074 674 4134 nimis·
690 4073 819 4152 superbe

284 4174 430 4235 Fortunas
452 4176 576 4253 patrias,
599 4175 702 4253 suique
725 4194 831 4237 census

150 4396 192 4446 47.
222 4395 330 4461 Papiae,
348 4400 447 4444 aestate
467 4410 491 4444 a.
508 4394 582 4444 1512.
612 4394 656 4444 Cl.
675 4396 791 4445 Hutteni
808 4395 896 4459 Epist.
916 4393 952 4446 ad
975 4395 1118 4446 Phoebum
1134 4393 1268 4444 Bononiae
1290 4392 1374 4444 cal.

80 4460 192 4546 bugsa
208 4479 281 4530 lais.
295 4480 428 4544 scriptam
446 4478 516 4545 Opp.
531 4479 585 4530 vol.
599 4480 620 4529 1.
635 4496 662 4545 p.
675 4478 717 4529 au.
731 4479 769 4529 11⁰.
784 4496 823 4529 xr.
835 4480 874 4541 ὃς.
888 4481 913 4530 4.
927 4494 986 4544 sqq.
1049 4477 1060 4511 ⁸
1080 4478 1154 4529 Galli
1179 4477 1214 4527 ab
1237 4476 1377 4529 Helvetiis

81 4571 179 4616 contra
197 4580 227 4615 se
246 4564 461 4614 adventantibus
480 4565 596 4615 obsessi.
648 4562 660 4594 ⁵
678 4565 833 4629 torquerier
851 4567 876 4614 4.

149 4647 192 4699 48.
222 4648 265 4699 Ci.
280 4649 366 4713 epigr.
380 4647 421 4699 39.

149 4732 191 4783 tu.
223 4734 316 4783 Etiam
336 4749 361 4782 s.
376 4731 449 4782 1511.
469 4732 570 4782 Veneti
589 4733 617 4781 in
635 4733 715 4783 Istris
734 4731 829 4782 clades
848 4736 1030 4799 acceperunt,
1051 4729 1182 4781 Germani
1200 4728 1328 4794 Gallique
1347 4729 1376 4778 in

142 4818 272 4869 Hvrrasu
286 4817 355 4867 Ore.
369 4833 431 4867 voc.
447 4817 495 4867 llL
1115 4815 1153 4877 15
