<?xml version="1.0" encoding="UTF-8"?>
<!DOCTYPE html PUBLIC "-//W3C//DTD XHTML 1.0 Transitional//EN"
    "http://www.w3.org/TR/xhtml1/DTD/xhtml1-transitional.dtd">
<html xmlns="http://www.w3.org/1999/xhtml" xml:lang="en" lang="en">
 <head>
  <title>
</title>
<meta http-equiv="Content-Type" content="text/html;charset=utf-8" />
  <meta name='ocr-system' content='tesseract 3.04.00' />
  <meta name='ocr-capabilities' content='ocr_page ocr_carea ocr_par ocr_line ocrx_word'/>
</head>
<body>
  <div class='ocr_page' id='page_1' title='image "./ulrichihuttenie04huttgoog_0164.png"; bbox 0 0 3294 5408; ppageno 0'>
   <div class='ocr_carea' id='block_1_1' title="bbox 647 422 868 458">
    <p class='ocr_par' dir='ltr' id='par_1_1' title="bbox 647 422 868 458">
     <span class='ocr_line' id='line_1_1' title="bbox 647 422 868 458; baseline 0.009 -2"><span class='ocrx_word' id='word_1_1' title='bbox 647 422 770 457; x_wconf 72' lang='lat' dir='ltr'>RVTTEM</span> <span class='ocrx_word' id='word_1_2' title='bbox 783 422 868 458; x_wconf 68' lang='lat' dir='ltr'><strong>NEMO.</strong></span> 
     </span>
    </p>
   </div>
   <div class='ocr_carea' id='block_1_2' title="bbox 205 573 1202 2800">
    <p class='ocr_par' dir='ltr' id='par_1_2' title="bbox 205 573 1202 2800">
     <span class='ocr_line' id='line_1_2' title="bbox 268 573 944 639; baseline 0.003 -3"><span class='ocrx_word' id='word_1_3' title='bbox 268 573 462 637; x_wconf 84' lang='lat' dir='ltr'>Semireclusa</span> <span class='ocrx_word' id='word_1_4' title='bbox 484 577 565 637; x_wconf 81' lang='lat' dir='ltr'>cuuis</span> <span class='ocrx_word' id='word_1_5' title='bbox 586 577 676 638; x_wconf 86' lang='lat' dir='ltr'>subiit</span> <span class='ocrx_word' id='word_1_6' title='bbox 697 576 813 639; x_wconf 81' lang='lat' dir='ltr'>cellaria</span> <span class='ocrx_word' id='word_1_7' title='bbox 836 586 866 638; x_wconf 94' lang='lat' dir='ltr'>et</span> <span class='ocrx_word' id='word_1_8' title='bbox 886 577 944 639; x_wconf 88' lang='lat' dir='ltr'>illic</span> 
     </span>
     <span class='ocr_line' id='line_1_3' title="bbox 350 677 1009 756; baseline 0.009 -19"><span class='ocrx_word' id='word_1_9' title='bbox 350 677 435 749; x_wconf 85' lang='lat' dir='ltr'>Quod</span> <span class='ocrx_word' id='word_1_10' title='bbox 457 687 592 756; x_wconf 77' lang='lat' dir='ltr'><strong>superest</strong></span> <span class='ocrx_word' id='word_1_11' title='bbox 612 679 697 739; x_wconf 85' lang='lat' dir='ltr'>avido</span> <span class='ocrx_word' id='word_1_12' title='bbox 720 680 914 742; x_wconf 78' lang='lat' dir='ltr'>decoratore</span> <span class='ocrx_word' id='word_1_13' title='bbox 937 681 1009 752; x_wconf 77' lang='lat' dir='ltr'>cibi:</span> 
     </span>
     <span class='ocr_line' id='line_1_4' title="bbox 266 779 1018 861; baseline 0.007 -21"><span class='ocrx_word' id='word_1_14' title='bbox 266 779 333 841; x_wconf 81' lang='lat' dir='ltr'>Haec</span> <span class='ocrx_word' id='word_1_15' title='bbox 355 789 474 861; x_wconf 83' lang='lat' dir='ltr'>qunque</span> <span class='ocrx_word' id='word_1_16' title='bbox 496 781 629 858; x_wconf 84' lang='lat' dir='ltr'>deposito</span> <span class='ocrx_word' id='word_1_17' title='bbox 651 783 729 842; x_wconf 78' lang='lat' dir='ltr'>veuit</span> <span class='ocrx_word' id='word_1_18' title='bbox 751 780 866 843; x_wconf 81' lang='lat' dir='ltr'>fortuna</span> <span class='ocrx_word' id='word_1_19' title='bbox 890 785 1018 845; x_wconf 82' lang='lat' dir='ltr'>canistro</span> 
     </span>
     <span class='ocr_line' id='line_1_5' title="bbox 220 883 995 962; baseline 0.006 -20"><span class='ocrx_word' id='word_1_20' title='bbox 220 909 256 953; x_wconf 58' lang='grc' dir='ltr'>ηρ</span> <span class='ocrx_word' id='word_1_21' title='bbox 351 883 388 943; x_wconf 77' lang='lat' dir='ltr'>lit</span> <span class='ocrx_word' id='word_1_22' title='bbox 410 901 474 962; x_wconf 78' lang='lat' dir='ltr'>qum</span> <span class='ocrx_word' id='word_1_23' title='bbox 496 890 637 960; x_wconf 70' lang='lat' dir='ltr'>praeterea</span> <span class='ocrx_word' id='word_1_24' title='bbox 661 883 757 942; x_wconf 81' lang='lat' dir='ltr'>diuma</span> <span class='ocrx_word' id='word_1_25' title='bbox 779 884 869 944; x_wconf 83' lang='lat' dir='ltr'>muita</span> <span class='ocrx_word' id='word_1_26' title='bbox 891 888 995 948; x_wconf 83' lang='lat' dir='ltr'>iacent.</span> 
     </span>
     <span class='ocr_line' id='line_1_6' title="bbox 239 983 1099 1065; baseline 0.01 -22"><span class='ocrx_word' id='word_1_27' title='bbox 239 983 326 1065; x_wconf 34' lang='lat' dir='ltr'>,ipse</span> <span class='ocrx_word' id='word_1_28' title='bbox 349 985 470 1046; x_wconf 86' lang='lat' dir='ltr'>domum</span> <span class='ocrx_word' id='word_1_29' title='bbox 491 984 609 1045; x_wconf 81' lang='lat' dir='ltr'>tandem</span> <span class='ocrx_word' id='word_1_30' title='bbox 633 986 749 1046; x_wconf 84' lang='lat' dir='ltr'>rediens</span> <span class='ocrx_word' id='word_1_31' title='bbox 771 985 861 1047; x_wconf 86' lang='lat' dir='ltr'>herus</span> <span class='ocrx_word' id='word_1_32' title='bbox 884 989 986 1048; x_wconf 76' lang='lat' dir='ltr'>enixius</span> <span class='ocrx_word' id='word_1_33' title='bbox 1008 989 1099 1051; x_wconf 84' lang='lat' dir='ltr'>ambit</span> 
     </span>
     <span class='ocr_line' id='line_1_7' title="bbox 349 1087 1006 1166; baseline 0.005 -18"><span class='ocrx_word' id='word_1_34' title='bbox 349 1087 468 1148; x_wconf 81' lang='lat' dir='ltr'><strong>Discere</strong></span> <span class='ocrx_word' id='word_1_35' title='bbox 491 1094 605 1148; x_wconf 80' lang='lat' dir='ltr'>vastatae</span> <span class='ocrx_word' id='word_1_36' title='bbox 627 1087 740 1166; x_wconf 83' lang='lat' dir='ltr'>singula</span> <span class='ocrx_word' id='word_1_37' title='bbox 764 1089 868 1149; x_wconf 83' lang='lat' dir='ltr'>darmm</span> <span class='ocrx_word' id='word_1_38' title='bbox 888 1091 1006 1151; x_wconf 90' lang='lat' dir='ltr'>domus:</span> 
     </span>
     <span class='ocr_line' id='line_1_8' title="bbox 263 1187 1062 1271; baseline 0.008 -22"><span class='ocrx_word' id='word_1_39' title='bbox 263 1187 327 1260; x_wconf 85' lang='lat' dir='ltr'>Quo</span> <span class='ocrx_word' id='word_1_40' title='bbox 349 1190 457 1250; x_wconf 86' lang='lat' dir='ltr'>seriem</span> <span class='ocrx_word' id='word_1_41' title='bbox 479 1197 629 1267; x_wconf 72' lang='lat' dir='ltr'>querente</span> <span class='ocrx_word' id='word_1_42' title='bbox 652 1189 719 1266; x_wconf 82' lang='lat' dir='ltr'>mali</span> <span class='ocrx_word' id='word_1_43' title='bbox 742 1198 827 1269; x_wconf 80' lang='lat' dir='ltr'>teger</span> <span class='ocrx_word' id='word_1_44' title='bbox 848 1191 944 1253; x_wconf 91' lang='lat' dir='ltr'>iudice</span> <span class='ocrx_word' id='word_1_45' title='bbox 966 1195 1062 1271; x_wconf 88' lang='lat' dir='ltr'>primo</span> 
     </span>
     <span class='ocr_line' id='line_1_9' title="bbox 216 1292 999 1371; baseline 0.008 -22"><span class='ocrx_word' id='word_1_46' title='bbox 216 1308 255 1350; x_wconf 74' lang='lat' dir='ltr'>rso</span> <span class='ocrx_word' id='word_1_47' title='bbox 349 1292 529 1370; x_wconf 83' lang='lat' dir='ltr'>Eiiiciorque</span> <span class='ocrx_word' id='word_1_48' title='bbox 551 1292 647 1352; x_wconf 86' lang='lat' dir='ltr'>nuruis</span> <span class='ocrx_word' id='word_1_49' title='bbox 670 1293 800 1352; x_wconf 88' lang='lat' dir='ltr'>criminis</span> <span class='ocrx_word' id='word_1_50' title='bbox 822 1300 907 1353; x_wconf 84' lang='lat' dir='ltr'>autur</span> <span class='ocrx_word' id='word_1_51' title='bbox 929 1311 999 1371; x_wconf 72' lang='lat'>⁰8⁰3</span> 
     </span>
     <span class='ocr_line' id='line_1_10' title="bbox 262 1394 1126 1477; baseline 0.008 -23"><span class='ocrx_word' id='word_1_52' title='bbox 262 1394 400 1454; x_wconf 76' lang='lat' dir='ltr'>Criminis</span> <span class='ocrx_word' id='word_1_53' title='bbox 422 1400 506 1454; x_wconf 76' lang='lat' dir='ltr'>ariter</span> <span class='ocrx_word' id='word_1_54' title='bbox 528 1411 599 1471; x_wconf 78' lang='lat' dir='ltr'>ego:</span> <span class='ocrx_word' id='word_1_55' title='bbox 623 1395 691 1472; x_wconf 89' lang='lat' dir='ltr'>quid</span> <span class='ocrx_word' id='word_1_56' title='bbox 716 1395 793 1455; x_wconf 91' lang='lat' dir='ltr'>euim</span> <span class='ocrx_word' id='word_1_57' title='bbox 817 1396 882 1473; x_wconf 90' lang='lat' dir='ltr'>quis</span> <span class='ocrx_word' id='word_1_58' title='bbox 904 1395 1003 1459; x_wconf 79' lang='lat' dir='ltr'>dicere</span> <span class='ocrx_word' id='word_1_59' title='bbox 1024 1407 1126 1477; x_wconf 85' lang='lat' dir='ltr'>posset</span> 
     </span>
     <span class='ocr_line' id='line_1_11' title="bbox 340 1494 1098 1573; baseline 0.015 -24"><span class='ocrx_word' id='word_1_60' title='bbox 340 1494 506 1557; x_wconf 74' lang='lat' dir='ltr'>,Confestim</span> <span class='ocrx_word' id='word_1_61' title='bbox 530 1495 647 1557; x_wconf 81' lang='lat' dir='ltr'>breuius</span> <span class='ocrx_word' id='word_1_62' title='bbox 669 1514 757 1573; x_wconf 80' lang='lat' dir='ltr'>qumn</span> <span class='ocrx_word' id='word_1_63' title='bbox 780 1496 864 1556; x_wconf 80' lang='lat' dir='ltr'>‘rrruia</span> <span class='ocrx_word' id='word_1_64' title='bbox 887 1497 980 1559; x_wconf 87' lang='lat' dir='ltr'>Nemo</span> <span class='ocrx_word' id='word_1_65' title='bbox 1003 1499 1098 1560; x_wconf 75' lang='lat' dir='ltr'>iacit&#39;i</span> 
     </span>
     <span class='ocr_line' id='line_1_12' title="bbox 261 1598 1070 1679; baseline 0.005 -21"><span class='ocrx_word' id='word_1_66' title='bbox 261 1599 333 1670; x_wconf 80' lang='lat' dir='ltr'>Quis</span> <span class='ocrx_word' id='word_1_67' title='bbox 355 1614 410 1674; x_wconf 80' lang='lat' dir='ltr'>ego</span> <span class='ocrx_word' id='word_1_68' title='bbox 432 1616 486 1675; x_wconf 83' lang='lat' dir='ltr'>pro</span> <span class='ocrx_word' id='word_1_69' title='bbox 509 1599 621 1658; x_wconf 89' lang='lat' dir='ltr'>meritis</span> <span class='ocrx_word' id='word_1_70' title='bbox 643 1599 729 1658; x_wconf 84' lang='lat' dir='ltr'>etiarn</span> <span class='ocrx_word' id='word_1_71' title='bbox 751 1598 903 1659; x_wconf 77' lang='lat' dir='ltr'>benefacta</span> <span class='ocrx_word' id='word_1_72' title='bbox 925 1602 1070 1679; x_wconf 83' lang='lat' dir='ltr'>rependo,</span> 
     </span>
     <span class='ocr_line' id='line_1_13' title="bbox 214 1699 1052 1780; baseline 0.006 -22"><span class='ocrx_word' id='word_1_73' title='bbox 214 1718 255 1760; x_wconf 82' lang='lat' dir='ltr'>ru</span> <span class='ocrx_word' id='word_1_74' title='bbox 349 1699 469 1761; x_wconf 82' lang='lat' dir='ltr'>iliorum</span> <span class='ocrx_word' id='word_1_75' title='bbox 491 1699 611 1760; x_wconf 75' lang='lat' dir='ltr'>urbicus</span> <span class='ocrx_word' id='word_1_76' title='bbox 634 1718 758 1778; x_wconf 82' lang='lat' dir='ltr'>corpure</span> <span class='ocrx_word' id='word_1_77' title='bbox 782 1702 939 1780; x_wconf 85' lang='lat' dir='ltr'>quodquod</span> <span class='ocrx_word' id='word_1_78' title='bbox 964 1720 1052 1772; x_wconf 80' lang='lat' dir='ltr'>nnus:</span> 
     </span>
     <span class='ocr_line' id='line_1_14' title="bbox 261 1801 1076 1882; baseline 0.006 -20"><span class='ocrx_word' id='word_1_79' title='bbox 261 1801 345 1862; x_wconf 86' lang='lat' dir='ltr'>Etsi</span> <span class='ocrx_word' id='word_1_80' title='bbox 366 1801 435 1881; x_wconf 90' lang='lat' dir='ltr'>quid</span> <span class='ocrx_word' id='word_1_81' title='bbox 458 1801 605 1863; x_wconf 84' lang='lat' dir='ltr'>mandavit</span> <span class='ocrx_word' id='word_1_82' title='bbox 626 1802 731 1872; x_wconf 87' lang='lat' dir='ltr'>herus,</span> <span class='ocrx_word' id='word_1_83' title='bbox 756 1821 834 1863; x_wconf 75' lang='lat' dir='ltr'>curre</span> <span class='ocrx_word' id='word_1_84' title='bbox 856 1812 943 1882; x_wconf 86' lang='lat' dir='ltr'>atque</span> <span class='ocrx_word' id='word_1_85' title='bbox 965 1804 1076 1868; x_wconf 70' lang='lat' dir='ltr'>luituris</span> 
     </span>
     <span class='ocr_line' id='line_1_15' title="bbox 348 1894 997 1973; baseline 0.002 -8"><span class='ocrx_word' id='word_1_86' title='bbox 348 1903 383 1965; x_wconf 86' lang='lat' dir='ltr'>Ni</span> <span class='ocrx_word' id='word_1_87' title='bbox 406 1894 509 1964; x_wconf 81' lang='lat' dir='ltr'>faciani</span> <span class='ocrx_word' id='word_1_88' title='bbox 532 1902 640 1964; x_wconf 84' lang='lat' dir='ltr'>iuimlix</span> <span class='ocrx_word' id='word_1_89' title='bbox 663 1907 776 1973; x_wconf 86' lang='lat' dir='ltr'>omnia,</span> <span class='ocrx_word' id='word_1_90' title='bbox 800 1904 892 1967; x_wconf 89' lang='lat' dir='ltr'>Nemo</span> <span class='ocrx_word' id='word_1_91' title='bbox 916 1906 997 1966; x_wconf 84' lang='lat' dir='ltr'>iacit:</span> 
     </span>
     <span class='ocr_line' id='line_1_16' title="bbox 261 2006 1109 2085; baseline 0.005 -17"><span class='ocrx_word' id='word_1_92' title='bbox 261 2006 354 2068; x_wconf 88' lang='lat' dir='ltr'>Nemo</span> <span class='ocrx_word' id='word_1_93' title='bbox 377 2012 461 2067; x_wconf 82' lang='lat' dir='ltr'>curat</span> <span class='ocrx_word' id='word_1_94' title='bbox 483 2024 588 2085; x_wconf 81' lang='lat' dir='ltr'>equos:</span> <span class='ocrx_word' id='word_1_95' title='bbox 613 2006 705 2069; x_wconf 84' lang='lat' dir='ltr'>Nemo</span> <span class='ocrx_word' id='word_1_96' title='bbox 728 2007 786 2067; x_wconf 88' lang='lat' dir='ltr'>huc</span> <span class='ocrx_word' id='word_1_97' title='bbox 808 2007 953 2069; x_wconf 77' lang='lat' dir='ltr'>discursat</span> <span class='ocrx_word' id='word_1_98' title='bbox 976 2016 1004 2069; x_wconf 88' lang='lat' dir='ltr'>et</span> <span class='ocrx_word' id='word_1_99' title='bbox 1025 2007 1109 2082; x_wconf 89' lang='lat' dir='ltr'>illuc,</span> 
     </span>
     <span class='ocr_line' id='line_1_17' title="bbox 208 2107 1083 2189; baseline 0.007 -22"><span class='ocrx_word' id='word_1_100' title='bbox 208 2126 254 2171; x_wconf 70' lang='lat' dir='ltr'>ris</span> <span class='ocrx_word' id='word_1_101' title='bbox 348 2108 406 2169; x_wconf 86' lang='lat' dir='ltr'>Pro</span> <span class='ocrx_word' id='word_1_102' title='bbox 428 2107 547 2169; x_wconf 90' lang='lat' dir='ltr'>dominu</span> <span class='ocrx_word' id='word_1_103' title='bbox 569 2108 662 2169; x_wconf 85' lang='lat' dir='ltr'>Nemo</span> <span class='ocrx_word' id='word_1_104' title='bbox 685 2117 728 2168; x_wconf 88' lang='lat' dir='ltr'>est</span> <span class='ocrx_word' id='word_1_105' title='bbox 750 2111 854 2169; x_wconf 81' lang='lat' dir='ltr'>auxius</span> <span class='ocrx_word' id='word_1_106' title='bbox 875 2117 963 2189; x_wconf 84' lang='lat' dir='ltr'>utque</span> <span class='ocrx_word' id='word_1_107' title='bbox 986 2111 1083 2174; x_wconf 87' lang='lat' dir='ltr'>domo.</span> 
     </span>
     <span class='ocr_line' id='line_1_18' title="bbox 260 2210 969 2278; baseline -0.001 -6"><span class='ocrx_word' id='word_1_108' title='bbox 260 2210 294 2272; x_wconf 93' lang='lat' dir='ltr'>ln</span> <span class='ocrx_word' id='word_1_109' title='bbox 317 2230 364 2272; x_wconf 89' lang='lat' dir='ltr'>me</span> <span class='ocrx_word' id='word_1_110' title='bbox 385 2216 447 2271; x_wconf 81' lang='lat' dir='ltr'>tutu</span> <span class='ocrx_word' id='word_1_111' title='bbox 468 2210 555 2278; x_wconf 83' lang='lat' dir='ltr'>sides;</span> <span class='ocrx_word' id='word_1_112' title='bbox 579 2210 667 2271; x_wconf 87' lang='lat' dir='ltr'>audet</span> <span class='ocrx_word' id='word_1_113' title='bbox 689 2212 871 2272; x_wconf 78' lang='lat' dir='ltr'>committere</span> <span class='ocrx_word' id='word_1_114' title='bbox 895 2211 969 2272; x_wconf 85' lang='lat' dir='ltr'>iectu</span> 
     </span>
     <span class='ocr_line' id='line_1_19' title="bbox 347 2312 1039 2392; baseline 0.003 -19"><span class='ocrx_word' id='word_1_115' title='bbox 347 2312 477 2373; x_wconf 84' lang='lat' dir='ltr'>Nemiuis</span> <span class='ocrx_word' id='word_1_116' title='bbox 499 2330 622 2373; x_wconf 82' lang='lat' dir='ltr'>uxorem</span> <span class='ocrx_word' id='word_1_117' title='bbox 645 2314 694 2392; x_wconf 95' lang='lat' dir='ltr'>qui</span> <span class='ocrx_word' id='word_1_118' title='bbox 717 2315 798 2391; x_wconf 88' lang='lat' dir='ltr'>cupit</span> <span class='ocrx_word' id='word_1_119' title='bbox 820 2331 884 2374; x_wconf 87' lang='lat' dir='ltr'>esse</span> <span class='ocrx_word' id='word_1_120' title='bbox 906 2314 1039 2392; x_wconf 83' lang='lat' dir='ltr'>probam.</span> 
     </span>
     <span class='ocr_line' id='line_1_20' title="bbox 261 2415 1202 2494; baseline 0.003 -17"><span class='ocrx_word' id='word_1_121' title='bbox 261 2415 326 2477; x_wconf 76' lang='lat' dir='ltr'>Nun</span> <span class='ocrx_word' id='word_1_122' title='bbox 349 2423 446 2476; x_wconf 74' lang='lat' dir='ltr'>tamen</span> <span class='ocrx_word' id='word_1_123' title='bbox 468 2421 513 2475; x_wconf 89' lang='lat' dir='ltr'>est</span> <span class='ocrx_word' id='word_1_124' title='bbox 533 2416 642 2476; x_wconf 89' lang='lat' dir='ltr'>mirum</span> <span class='ocrx_word' id='word_1_125' title='bbox 664 2432 831 2494; x_wconf 82' lang='lat' dir='ltr'>quenquam</span> <span class='ocrx_word' id='word_1_126' title='bbox 853 2416 908 2478; x_wconf 85' lang='lat' dir='ltr'>hos</span> <span class='ocrx_word' id='word_1_127' title='bbox 929 2418 1067 2480; x_wconf 84' lang='lat' dir='ltr'>invadere</span> <span class='ocrx_word' id='word_1_128' title='bbox 1089 2436 1202 2491; x_wconf 87' lang='lat' dir='ltr'>mores,</span> 
     </span>
     <span class='ocr_line' id='line_1_21' title="bbox 205 2517 1051 2596; baseline 0.006 -22"><span class='ocrx_word' id='word_1_129' title='bbox 205 2534 252 2577; x_wconf 72' lang='lat' dir='ltr'>isc</span> <span class='ocrx_word' id='word_1_130' title='bbox 346 2517 412 2578; x_wconf 88' lang='lat' dir='ltr'>Non</span> <span class='ocrx_word' id='word_1_131' title='bbox 435 2517 508 2577; x_wconf 85' lang='lat' dir='ltr'>aden</span> <span class='ocrx_word' id='word_1_132' title='bbox 530 2517 682 2595; x_wconf 83' lang='lat' dir='ltr'>exemplo,</span> <span class='ocrx_word' id='word_1_133' title='bbox 706 2519 755 2596; x_wconf 90' lang='lat' dir='ltr'>qui</span> <span class='ocrx_word' id='word_1_134' title='bbox 778 2518 847 2578; x_wconf 82' lang='lat' dir='ltr'>iacit</span> <span class='ocrx_word' id='word_1_135' title='bbox 869 2521 938 2587; x_wconf 82' lang='lat' dir='ltr'>ista,</span> <span class='ocrx_word' id='word_1_136' title='bbox 962 2527 1051 2580; x_wconf 80' lang='lat' dir='ltr'>caret.</span> 
     </span>
     <span class='ocr_line' id='line_1_22' title="bbox 261 2608 1139 2704; baseline 0.001 -21"><span class='ocrx_word' id='word_1_137' title='bbox 261 2608 349 2683; x_wconf 79' lang='lat' dir='ltr'>diuite</span> <span class='ocrx_word' id='word_1_138' title='bbox 371 2618 460 2680; x_wconf 91' lang='lat' dir='ltr'>licent</span> <span class='ocrx_word' id='word_1_139' title='bbox 482 2618 595 2689; x_wconf 86' lang='lat' dir='ltr'>multis,</span> <span class='ocrx_word' id='word_1_140' title='bbox 618 2625 772 2698; x_wconf 82' lang='lat' dir='ltr'>postquam</span> <span class='ocrx_word' id='word_1_141' title='bbox 795 2617 887 2680; x_wconf 84' lang='lat' dir='ltr'>semel</span> <span class='ocrx_word' id='word_1_142' title='bbox 908 2620 999 2682; x_wconf 87' lang='lat' dir='ltr'>hostis</span> <span class='ocrx_word' id='word_1_143' title='bbox 1022 2622 1139 2704; x_wconf 80' lang='lat' dir='ltr'>Ulysses</span> 
     </span>
     <span class='ocr_line' id='line_1_23' title="bbox 347 2720 982 2800; baseline 0 -18"><span class='ocrx_word' id='word_1_144' title='bbox 347 2722 507 2800; x_wconf 79' lang='lat' dir='ltr'>Supposuit</span> <span class='ocrx_word' id='word_1_145' title='bbox 528 2720 633 2783; x_wconf 84' lang='lat' dir='ltr'>sceleri</span> <span class='ocrx_word' id='word_1_146' title='bbox 656 2721 773 2782; x_wconf 83' lang='lat' dir='ltr'>uomina</span> <span class='ocrx_word' id='word_1_147' title='bbox 796 2728 896 2782; x_wconf 80' lang='lat' dir='ltr'>nostru</span> <span class='ocrx_word' id='word_1_148' title='bbox 919 2741 982 2783; x_wconf 91' lang='lat' dir='ltr'>suu.</span> 
     </span>
    </p>
   </div>
   <div class='ocr_carea' id='block_1_3' title="bbox 226 2910 1097 4009">
    <p class='ocr_par' dir='ltr' id='par_1_3' title="bbox 226 2910 1097 4009">
     <span class='ocr_line' id='line_1_24' title="bbox 260 2910 917 2975; baseline -0.006 -3"><span class='ocrx_word' id='word_1_149' title='bbox 260 2912 438 2972; x_wconf 80' lang='lat' dir='ltr'>Semireclusu</span> <span class='ocrx_word' id='word_1_150' title='bbox 460 2913 535 2969; x_wconf 78' lang='lat' dir='ltr'>cauis</span> <span class='ocrx_word' id='word_1_151' title='bbox 558 2910 641 2968; x_wconf 90' lang='lat' dir='ltr'>subiit</span> <span class='ocrx_word' id='word_1_152' title='bbox 662 2910 785 2975; x_wconf 77' lang='lat' dir='ltr'>cellaria,</span> <span class='ocrx_word' id='word_1_153' title='bbox 809 2921 837 2968; x_wconf 90' lang='lat' dir='ltr'>et</span> <span class='ocrx_word' id='word_1_154' title='bbox 859 2911 917 2969; x_wconf 88' lang='lat' dir='ltr'>illic</span> 
     </span>
     <span class='ocr_line' id='line_1_25' title="bbox 340 2997 972 3072; baseline 0 -18"><span class='ocrx_word' id='word_1_155' title='bbox 340 2998 417 3066; x_wconf 84' lang='lat' dir='ltr'>Quod</span> <span class='ocrx_word' id='word_1_156' title='bbox 439 3006 565 3072; x_wconf 83' lang='lat' dir='ltr'>superest</span> <span class='ocrx_word' id='word_1_157' title='bbox 586 2997 685 3070; x_wconf 80' lang='lat' dir='ltr'>rapido</span> <span class='ocrx_word' id='word_1_158' title='bbox 708 2997 819 3053; x_wconf 76' lang='lat' dir='ltr'>devorat</span> <span class='ocrx_word' id='word_1_159' title='bbox 841 3013 889 3053; x_wconf 88' lang='lat' dir='ltr'>ure</span> <span class='ocrx_word' id='word_1_160' title='bbox 909 2998 972 3054; x_wconf 81' lang='lat' dir='ltr'>cibi.</span> 
     </span>
     <span class='ocr_line' id='line_1_26' title="bbox 262 3082 979 3157; baseline -0.003 -16"><span class='ocrx_word' id='word_1_161' title='bbox 262 3082 325 3141; x_wconf 84' lang='lat' dir='ltr'>ssaee</span> <span class='ocrx_word' id='word_1_162' title='bbox 347 3100 457 3157; x_wconf 83' lang='lat' dir='ltr'>quoquc</span> <span class='ocrx_word' id='word_1_163' title='bbox 478 3084 598 3155; x_wconf 78' lang='lat' dir='ltr'>ueqiecto</span> <span class='ocrx_word' id='word_1_164' title='bbox 619 3082 695 3138; x_wconf 86' lang='lat' dir='ltr'>venit</span> <span class='ocrx_word' id='word_1_165' title='bbox 716 3083 825 3138; x_wconf 81' lang='lat' dir='ltr'>furtum</span> <span class='ocrx_word' id='word_1_166' title='bbox 847 3083 979 3146; x_wconf 83' lang='lat' dir='ltr'>canistro,</span> 
     </span>
     <span class='ocr_line' id='line_1_27' title="bbox 226 3167 944 3243; baseline -0.01 -14"><span class='ocrx_word' id='word_1_167' title='bbox 226 3186 254 3229; x_wconf 80' lang='lat' dir='ltr'>su</span> <span class='ocrx_word' id='word_1_168' title='bbox 339 3168 371 3225; x_wconf 86' lang='lat' dir='ltr'>Et</span> <span class='ocrx_word' id='word_1_169' title='bbox 393 3187 454 3242; x_wconf 70' lang='lat' dir='ltr'>quae</span> <span class='ocrx_word' id='word_1_170' title='bbox 478 3176 608 3243; x_wconf 72' lang='lat' dir='ltr'>preterea</span> <span class='ocrx_word' id='word_1_171' title='bbox 631 3167 718 3223; x_wconf 87' lang='lat' dir='ltr'>dirutn</span> <span class='ocrx_word' id='word_1_172' title='bbox 741 3167 825 3223; x_wconf 85' lang='lat' dir='ltr'>multu</span> <span class='ocrx_word' id='word_1_173' title='bbox 847 3168 944 3224; x_wconf 80' lang='lat' dir='ltr'>isccnt.</span> 
     </span>
     <span class='ocr_line' id='line_1_28' title="bbox 258 3252 1046 3330; baseline 0 -18"><span class='ocrx_word' id='word_1_174' title='bbox 258 3256 319 3330; x_wconf 85' lang='lat' dir='ltr'>ipsc</span> <span class='ocrx_word' id='word_1_175' title='bbox 342 3255 449 3311; x_wconf 90' lang='lat' dir='ltr'>domum</span> <span class='ocrx_word' id='word_1_176' title='bbox 475 3254 579 3309; x_wconf 74' lang='lat' dir='ltr'>[undem</span> <span class='ocrx_word' id='word_1_177' title='bbox 602 3252 708 3308; x_wconf 87' lang='lat' dir='ltr'>rediens</span> <span class='ocrx_word' id='word_1_178' title='bbox 731 3252 812 3308; x_wconf 85' lang='lat' dir='ltr'>herus</span> <span class='ocrx_word' id='word_1_179' title='bbox 834 3252 928 3309; x_wconf 81' lang='lat' dir='ltr'>anxius</span> <span class='ocrx_word' id='word_1_180' title='bbox 951 3255 1046 3318; x_wconf 80' lang='lat' dir='ltr'>ambit.</span> 
     </span>
     <span class='ocr_line' id='line_1_29' title="bbox 336 3332 965 3410; baseline 0.002 -16"><span class='ocrx_word' id='word_1_181' title='bbox 336 3339 374 3394; x_wconf 86' lang='lat' dir='ltr'>Et</span> <span class='ocrx_word' id='word_1_182' title='bbox 394 3341 470 3410; x_wconf 79' lang='lat' dir='ltr'>cupit</span> <span class='ocrx_word' id='word_1_183' title='bbox 490 3341 518 3394; x_wconf 84' lang='lat' dir='ltr'>in</span> <span class='ocrx_word' id='word_1_184' title='bbox 541 3332 649 3392; x_wconf 81' lang='lat' dir='ltr'>damnis</span> <span class='ocrx_word' id='word_1_185' title='bbox 669 3340 776 3410; x_wconf 78' lang='lat' dir='ltr'>sinqulu</span> <span class='ocrx_word' id='word_1_186' title='bbox 799 3354 879 3394; x_wconf 83' lang='lat' dir='ltr'>nosse</span> <span class='ocrx_word' id='word_1_187' title='bbox 899 3342 965 3396; x_wconf 80' lang='lat' dir='ltr'>suis.</span> 
     </span>
     <span class='ocr_line' id='line_1_30' title="bbox 258 3424 1085 3500; baseline 0 -18"><span class='ocrx_word' id='word_1_188' title='bbox 258 3425 331 3482; x_wconf 87' lang='lat' dir='ltr'>Dum</span> <span class='ocrx_word' id='word_1_189' title='bbox 353 3426 466 3496; x_wconf 70' lang='lat' dir='ltr'>querit,</span> <span class='ocrx_word' id='word_1_190' title='bbox 490 3424 554 3479; x_wconf 88' lang='lat' dir='ltr'>dum</span> <span class='ocrx_word' id='word_1_191' title='bbox 575 3437 656 3479; x_wconf 83' lang='lat' dir='ltr'>nosse</span> <span class='ocrx_word' id='word_1_192' title='bbox 677 3425 763 3494; x_wconf 82' lang='lat' dir='ltr'>cupit,</span> <span class='ocrx_word' id='word_1_193' title='bbox 786 3424 871 3479; x_wconf 84' lang='lat' dir='ltr'>Nemo</span> <span class='ocrx_word' id='word_1_194' title='bbox 893 3428 983 3480; x_wconf 83' lang='lat' dir='ltr'>omnic</span> <span class='ocrx_word' id='word_1_195' title='bbox 1002 3427 1085 3500; x_wconf 75' lang='lat' dir='ltr'>fecit,</span> 
     </span>
     <span class='ocr_line' id='line_1_31' title="bbox 226 3507 939 3583; baseline -0.006 -14"><span class='ocrx_word' id='word_1_196' title='bbox 226 3527 253 3569; x_wconf 69' lang='lat' dir='ltr'>se</span> <span class='ocrx_word' id='word_1_197' title='bbox 337 3509 501 3583; x_wconf 84' lang='lat' dir='ltr'>Efficiorque</span> <span class='ocrx_word' id='word_1_198' title='bbox 523 3509 611 3565; x_wconf 84' lang='lat' dir='ltr'>omnis</span> <span class='ocrx_word' id='word_1_199' title='bbox 632 3507 753 3564; x_wconf 86' lang='lat' dir='ltr'>criminis</span> <span class='ocrx_word' id='word_1_200' title='bbox 777 3517 857 3564; x_wconf 80' lang='lat' dir='ltr'>autur</span> <span class='ocrx_word' id='word_1_201' title='bbox 878 3527 939 3583; x_wconf 82' lang='lat' dir='ltr'>ege.</span> 
     </span>
     <span class='ocr_line' id='line_1_32' title="bbox 260 3594 1074 3670; baseline -0.002 -17"><span class='ocrx_word' id='word_1_202' title='bbox 260 3594 386 3653; x_wconf 84' lang='lat' dir='ltr'>Criminis</span> <span class='ocrx_word' id='word_1_203' title='bbox 408 3602 489 3651; x_wconf 80' lang='lat' dir='ltr'>autor</span> <span class='ocrx_word' id='word_1_204' title='bbox 510 3611 575 3668; x_wconf 80' lang='lat' dir='ltr'>ege.</span> <span class='ocrx_word' id='word_1_205' title='bbox 598 3594 649 3648; x_wconf 84' lang='lat' dir='ltr'>sed</span> <span class='ocrx_word' id='word_1_206' title='bbox 669 3594 741 3649; x_wconf 86' lang='lat' dir='ltr'>enim</span> <span class='ocrx_word' id='word_1_207' title='bbox 762 3609 813 3649; x_wconf 81' lang='lat' dir='ltr'>uec</span> <span class='ocrx_word' id='word_1_208' title='bbox 835 3595 935 3650; x_wconf 83' lang='lat' dir='ltr'>lumine</span> <span class='ocrx_word' id='word_1_209' title='bbox 953 3595 1074 3670; x_wconf 73' lang='lat' dir='ltr'>sunqor.</span> 
     </span>
     <span class='ocr_line' id='line_1_33' title="bbox 335 3680 961 3750; baseline -0.002 -14"><span class='ocrx_word' id='word_1_210' title='bbox 335 3680 441 3736; x_wconf 78' lang='lat' dir='ltr'>Pendet</span> <span class='ocrx_word' id='word_1_211' title='bbox 461 3686 487 3735; x_wconf 85' lang='lat' dir='ltr'>et</span> <span class='ocrx_word' id='word_1_212' title='bbox 506 3681 622 3736; x_wconf 82' lang='lat' dir='ltr'>occlusis</span> <span class='ocrx_word' id='word_1_213' title='bbox 641 3693 708 3733; x_wconf 81' lang='lat' dir='ltr'>cera</span> <span class='ocrx_word' id='word_1_214' title='bbox 729 3685 839 3750; x_wconf 77' lang='lat' dir='ltr'>reposta</span> <span class='ocrx_word' id='word_1_215' title='bbox 861 3680 961 3743; x_wconf 64' lang='lat' dir='ltr'>taurim</span> 
     </span>
     <span class='ocr_line' id='line_1_34' title="bbox 260 3767 1097 3840; baseline -0.001 -16"><span class='ocrx_word' id='word_1_216' title='bbox 260 3768 309 3824; x_wconf 82' lang='lat' dir='ltr'>Nil</span> <span class='ocrx_word' id='word_1_217' title='bbox 327 3767 465 3836; x_wconf 82' lang='lat' dir='ltr'>munibus,</span> <span class='ocrx_word' id='word_1_218' title='bbox 488 3767 528 3820; x_wconf 83' lang='lat' dir='ltr'>nil</span> <span class='ocrx_word' id='word_1_219' title='bbox 547 3778 618 3820; x_wconf 85' lang='lat' dir='ltr'>aure</span> <span class='ocrx_word' id='word_1_220' title='bbox 636 3779 717 3836; x_wconf 74' lang='lat' dir='ltr'>qum,</span> <span class='ocrx_word' id='word_1_221' title='bbox 740 3780 923 3838; x_wconf 81' lang='lat' dir='ltr'>ruauuumquc</span> <span class='ocrx_word' id='word_1_222' title='bbox 939 3768 1097 3840; x_wconf 79' lang='lat' dir='ltr'>pedumque</span> 
     </span>
     <span class='ocr_line' id='line_1_35' title="bbox 229 3850 962 3923; baseline -0.004 -12"><span class='ocrx_word' id='word_1_223' title='bbox 229 3870 253 3911; x_wconf 83' lang='lat' dir='ltr'>ee</span> <span class='ocrx_word' id='word_1_224' title='bbox 338 3851 496 3923; x_wconf 81' lang='lat' dir='ltr'>Impediunt</span> <span class='ocrx_word' id='word_1_225' title='bbox 515 3852 608 3906; x_wconf 81' lang='lat' dir='ltr'>vetitas</span> <span class='ocrx_word' id='word_1_226' title='bbox 624 3850 749 3922; x_wconf 79' lang='lat' dir='ltr'>pendula</span> <span class='ocrx_word' id='word_1_227' title='bbox 771 3851 860 3906; x_wconf 82' lang='lat' dir='ltr'>vincla</span> <span class='ocrx_word' id='word_1_228' title='bbox 881 3853 962 3908; x_wconf 81' lang='lat' dir='ltr'>vices.</span> 
     </span>
     <span class='ocr_line' id='line_1_36' title="bbox 261 3923 1090 4009; baseline -0.001 -14"><span class='ocrx_word' id='word_1_229' title='bbox 261 3937 341 4007; x_wconf 77' lang='lat' dir='ltr'>Qrtod</span> <span class='ocrx_word' id='word_1_230' title='bbox 360 3939 386 3993; x_wconf 82' lang='lat' dir='ltr'>si</span> <span class='ocrx_word' id='word_1_231' title='bbox 406 3934 491 3991; x_wconf 85' lang='lat' dir='ltr'>Nemo</span> <span class='ocrx_word' id='word_1_232' title='bbox 513 3952 611 4006; x_wconf 84' lang='lat' dir='ltr'>vocor,</span> <span class='ocrx_word' id='word_1_233' title='bbox 633 3923 687 3990; x_wconf 85' lang='lat' dir='ltr'>uec&#39;</span> <span class='ocrx_word' id='word_1_234' title='bbox 705 3951 765 3990; x_wconf 80' lang='lat' dir='ltr'>sum</span> <span class='ocrx_word' id='word_1_235' title='bbox 787 3938 837 4007; x_wconf 85' lang='lat' dir='ltr'>qui</span> <span class='ocrx_word' id='word_1_236' title='bbox 856 3937 945 3992; x_wconf 82' lang='lat' dir='ltr'>uiuere</span> <span class='ocrx_word' id='word_1_237' title='bbox 963 3953 1090 4009; x_wconf 82' lang='lat' dir='ltr'>possum,</span> 
     </span>
    </p>
   </div>
   <div class='ocr_carea' id='block_1_4' title="bbox 79 4020 1009 4132">
    <p class='ocr_par' dir='ltr' id='par_1_4' title="bbox 79 4020 1009 4132">
     <span class='ocr_line' id='line_1_37' title="bbox 79 4020 1009 4132; baseline -0.002 -54"><span class='ocrx_word' id='word_1_238' title='bbox 79 4086 307 4132; x_wconf 36' lang='lat' dir='ltr'>“N——</span> <span class='ocrx_word' id='word_1_239' title='bbox 337 4022 442 4094; x_wconf 82' lang='lat' dir='ltr'>Quique</span> <span class='ocrx_word' id='word_1_240' title='bbox 463 4020 531 4075; x_wconf 74' lang='lat' dir='ltr'>nihil</span> <span class='ocrx_word' id='word_1_241' title='bbox 550 4021 655 4077; x_wconf 83' lang='lat' dir='ltr'>ualeam</span> <span class='ocrx_word' id='word_1_242' title='bbox 675 4022 782 4093; x_wconf 75' lang='lat' dir='ltr'>firrqcre</span> <span class='ocrx_word' id='word_1_243' title='bbox 803 4022 902 4092; x_wconf 84' lang='lat' dir='ltr'>quique</span> <span class='ocrx_word' id='word_1_244' title='bbox 923 4024 1009 4095; x_wconf 82' lang='lat' dir='ltr'>loqui,</span> 
     </span>
    </p>
   </div>
   <div class='ocr_carea' id='block_1_5' title="bbox 79 4162 1400 4741">
    <p class='ocr_par' dir='ltr' id='par_1_5' title="bbox 79 4162 1400 4741">
     <span class='ocr_line' id='line_1_38' title="bbox 166 4162 1398 4237; baseline -0.002 -12"><span class='ocrx_word' id='word_1_245' title='bbox 166 4162 673 4225; x_wconf 53' lang='lat' dir='ltr'>&#39;Wmmmnmuffiwn</span> <span class='ocrx_word' id='word_1_246' title='bbox 727 4169 1398 4237; x_wconf 52' lang='lat' dir='ltr'>fflmw.ffimmw.mumme</span> 
     </span>
     <span class='ocr_line' id='line_1_39' title="bbox 79 4219 1397 4334; baseline -0.002 -25"><span class='ocrx_word' id='word_1_247' title='bbox 79 4219 1397 4334; x_wconf 42' lang='lat' dir='ltr'>fflffiw.mmwcmmmm.fflmwnmmmw.mmmm</span> 
     </span>
     <span class='ocr_line' id='line_1_40' title="bbox 113 4321 1399 4407; baseline -0.002 -12"><span class='ocrx_word' id='word_1_248' title='bbox 113 4321 615 4395; x_wconf 60' lang='lat' dir='ltr'>¹*1telixu.7.10.rr.1u.2o.23.25.</span> <span class='ocrx_word' id='word_1_249' title='bbox 651 4341 806 4393; x_wconf 79' lang='lat' dir='ltr'>¹⁴²uuncs.</span> <span class='ocrx_word' id='word_1_250' title='bbox 843 4341 872 4375; x_wconf 79' lang='lat'>¹⁵¹</span> <span class='ocrx_word' id='word_1_251' title='bbox 887 4357 1048 4407; x_wconf 78' lang='lat' dir='ltr'>quemquam</span> <span class='ocrx_word' id='word_1_252' title='bbox 1062 4345 1247 4393; x_wconf 67' lang='lat' dir='ltr'>cernuum.</span> <span class='ocrx_word' id='word_1_253' title='bbox 1283 4340 1399 4394; x_wconf 76' lang='lat' dir='ltr'>¹⁵³vus-</span> 
     </span>
     <span class='ocr_line' id='line_1_41' title="bbox 81 4401 1400 4495; baseline -0.003 -13"><span class='ocrx_word' id='word_1_254' title='bbox 81 4401 117 4487; x_wconf 41' lang='grc' dir='ltr'>ἐξ</span> <span class='ocrx_word' id='word_1_255' title='bbox 151 4424 197 4480; x_wconf 63' lang='lat'>³².</span> <span class='ocrx_word' id='word_1_256' title='bbox 250 4427 282 4462; x_wconf 60' lang='grc' dir='ltr'>’Μ</span> <span class='ocrx_word' id='word_1_257' title='bbox 301 4415 388 4489; x_wconf 75' lang='grc' dir='ltr'><strong><em>Οὖτις</em></strong></span> <span class='ocrx_word' id='word_1_258' title='bbox 401 4421 468 4495; x_wconf 69' lang='grc' dir='ltr'>ἐμοί</span> <span class='ocrx_word' id='word_1_259' title='bbox 483 4420 511 4494; x_wconf 79' lang='grc' dir='ltr'>γ’</span> <span class='ocrx_word' id='word_1_260' title='bbox 524 4423 632 4494; x_wconf 83' lang='grc' dir='ltr'><em>ὄνομα·</em></span> <span class='ocrx_word' id='word_1_261' title='bbox 651 4413 741 4479; x_wconf 79' lang='grc' dir='ltr'><strong><em>Οὖτιν</em></strong></span> <span class='ocrx_word' id='word_1_262' title='bbox 754 4422 787 4478; x_wconf 77' lang='grc' dir='ltr'>δέ</span> <span class='ocrx_word' id='word_1_263' title='bbox 799 4444 833 4494; x_wconf 83' lang='grc' dir='ltr'>με</span> <span class='ocrx_word' id='word_1_264' title='bbox 846 4420 1045 4494; x_wconf 76' lang='grc' dir='ltr'><strong><em>κικλήσκουσιν</em></strong></span> <span class='ocrx_word' id='word_1_265' title='bbox 1063 4426 1159 4489; x_wconf 88' lang='lat' dir='ltr'>(Nemo</span> <span class='ocrx_word' id='word_1_266' title='bbox 1170 4443 1225 4491; x_wconf 81' lang='lat' dir='ltr'>cgn</span> <span class='ocrx_word' id='word_1_267' title='bbox 1237 4441 1328 4486; x_wconf 84' lang='lat' dir='ltr'>vocor,</span> <span class='ocrx_word' id='word_1_268' title='bbox 1346 4429 1400 4478; x_wconf 85' lang='lat' dir='ltr'>Ne-</span> 
     </span>
     <span class='ocr_line' id='line_1_42' title="bbox 82 4487 808 4580; baseline 0.003 -20"><span class='ocrx_word' id='word_1_269' title='bbox 82 4487 147 4542; x_wconf 47' lang='lat' dir='ltr'>m&#39;*</span> <span class='ocrx_word' id='word_1_270' title='bbox 154 4520 266 4580; x_wconf 60' lang='lat' dir='ltr'>Quique</span> <span class='ocrx_word' id='word_1_271' title='bbox 285 4530 328 4565; x_wconf 85' lang='lat' dir='ltr'>me</span> <span class='ocrx_word' id='word_1_272' title='bbox 348 4513 509 4580; x_wconf 76' lang='lat' dir='ltr'>adpellunt).</span> <span class='ocrx_word' id='word_1_273' title='bbox 528 4512 808 4564; x_wconf 81' lang='lat' dir='ltr'>Hom.0u.1x.3uu.</span> 
     </span>
     <span class='ocr_line' id='line_1_43' title="bbox 83 4593 1399 4672; baseline -0.002 -22"><span class='ocrx_word' id='word_1_274' title='bbox 83 4593 1399 4672; x_wconf 47' lang='grc' dir='ltr'>ἣἸἭωΜΜ.ΜΗλῦἭψΜΜψΗ.ΜΜΛΜωα</span> 
     </span>
     <span class='ocr_line' id='line_1_44' title="bbox 93 4670 1399 4741; baseline 0.002 -10"><span class='ocrx_word' id='word_1_275' title='bbox 93 4670 1399 4741; x_wconf 50' lang='lat' dir='ltr'>flwmmummmmmnwmmmmudmmm</span> 
     </span>
    </p>
   </div>
   <div class='ocr_carea' id='block_1_6' title="bbox 83 4721 1280 4837">
    <p class='ocr_par' dir='ltr' id='par_1_6' title="bbox 83 4721 1280 4837">
     <span class='ocr_line' id='line_1_45' title="bbox 83 4721 1280 4837; baseline -0.002 -18"><span class='ocrx_word' id='word_1_276' title='bbox 83 4721 235 4821; x_wconf 49' lang='lat' dir='ltr'>heulinis</span> <span class='ocrx_word' id='word_1_277' title='bbox 253 4771 294 4821; x_wconf 87' lang='lat' dir='ltr'>ori</span> <span class='ocrx_word' id='word_1_278' title='bbox 312 4770 422 4821; x_wconf 83' lang='lat' dir='ltr'>obiecto</span> <span class='ocrx_word' id='word_1_279' title='bbox 441 4771 477 4821; x_wconf 85' lang='lat' dir='ltr'>ci.</span> <span class='ocrx_word' id='word_1_280' title='bbox 490 4786 574 4837; x_wconf 79' lang='lat' dir='ltr'>supra</span> <span class='ocrx_word' id='word_1_281' title='bbox 591 4770 669 4837; x_wconf 81' lang='lat' dir='ltr'>proei.</span> <span class='ocrx_word' id='word_1_282' title='bbox 684 4787 712 4836; x_wconf 83' lang='lat' dir='ltr'>p.</span> <span class='ocrx_word' id='word_1_283' title='bbox 727 4769 782 4820; x_wconf 77' lang='lat' dir='ltr'>ltu.</span> <span class='ocrx_word' id='word_1_284' title='bbox 835 4768 857 4801; x_wconf 68' lang='lat'>“³²</span> <span class='ocrx_word' id='word_1_285' title='bbox 876 4766 951 4834; x_wconf 85' lang='lat' dir='ltr'>nure]</span> <span class='ocrx_word' id='word_1_286' title='bbox 971 4772 1036 4818; x_wconf 82' lang='lat' dir='ltr'>ante</span> <span class='ocrx_word' id='word_1_287' title='bbox 1047 4770 1077 4819; x_wconf 77' lang='lat' dir='ltr'>li.</span> <span class='ocrx_word' id='word_1_288' title='bbox 1124 4767 1146 4800; x_wconf 76' lang='lat'>’⁰</span> <span class='ocrx_word' id='word_1_289' title='bbox 1163 4767 1235 4833; x_wconf 68' lang='lat' dir='ltr'>uiuit</span> <span class='ocrx_word' id='word_1_290' title='bbox 1251 4771 1280 4817; x_wconf 79' lang='lat' dir='ltr'>B.</span> 
     </span>
    </p>
   </div>
   <div class='ocr_carea' id='block_1_7' title="bbox 0 0 1672 5408">
    <p class='ocr_par' dir='ltr' id='par_1_7' title="bbox 0 0 1672 5408">
     <span class='ocr_line' id='line_1_46' title="bbox 0 0 1672 5408; baseline 0 0"><span class='ocrx_word' id='word_1_291' title='bbox 0 0 1672 5408; x_wconf 95' lang='lat' dir='ltr'> </span> 
     </span>
    </p>
   </div>
  </div>
 </body>
</html>
