3294 5408
384 413 393 427 ⁶
458 408 636 443 cononum)
649 407 801 442 (tunulum
814 375 924 442 coum
936 406 1070 445 ῪΙΙΒΤΜ.
1339 377 1410 450 189
1451 438 1454 444 .

470 658 513 699 Ab
534 656 700 698 turrenses
717 657 890 699 ccuntAutAE
906 657 1066 699 relucter&

507 741 549 783 ΕΤ
565 742 694 783 utuntur
710 741 885 783 HECTORE-§¹
902 740 1028 783 IMPERII

221 828 300 877 orob
320 827 449 868 BELLI'M
465 826 666 868 II'STISSIMI'II
684 826 786 874 Atque
804 825 941 867 OMNIBVS
961 825 1121 867 coelentis
1137 826 1311 869 ctontosru

367 915 630 965 ,itnxltllelnul
650 913 812 964 dissutus·
832 914 1162 966 eltnlSTIAntSStMt

537 1010 700 1052 ABII'I'ENI'
714 1010 831 1052 coum
852 1010 988 1053 t'cn'etos

440 1102 685 1161 COHORTATIO
707 1103 789 1160 IPSI
795 1103 842 1160 VS
862 1103 1087 1162 GERMANIAE'.

320 1257 438 1329 Surqite,
461 1271 507 1311 voe
525 1270 659 1327 proceres
676 1255 813 1312 Germano
830 1259 964 1329 sanquine
984 1261 1056 1325 n'ati,
1260 1200 1306 1287 Ο

406 1342 528 1413 Surpite,
552 1355 598 1396 uos
619 1348 709 1395 mater
729 1349 860 1397 coruoocat
881 1344 943 1413 ipsa
960 1344 1040 1414 pioe;

320 1427 429 1499 Surqite
449 1442 539 1492 nunc,
558 1428 662 1496 patria
681 1426 765 1497 scocie
784 1429 940 1482 succurrite
959 1428 1056 1497 rebus,

295 1531 307 1568 ⁴
408 1512 517 1583 Surqite
537 1511 571 1565 de
591 1526 685 1566 somno
706 1511 884 1583 seqniticque',
907 1512 1005 1582 duces,

322 1597 424 1652 Sumite
444 1597 636 1666 magnanimus
658 1603 760 1651 mentes
778 1599 937 1669 animasque
949 1605 1112 1668 parentum,

406 1680 458 1748 Qui
472 1696 529 1752 pro
551 1694 593 1734 me
613 1683 688 1736 toties
710 1698 764 1736 non
788 1683 902 1737 timuere
923 1683 1006 1751 mori,

322 1766 357 1821 m
369 1773 483 1838 patrum
506 1772 639 1836 reparate
660 1766 758 1820 decus!
776 1781 852 1820 nunc
874 1764 947 1820 Itala
969 1780 1056 1838 reqna

296 1869 308 1908 s
407 1851 514 1923 Eripite
536 1868 553 1904 a
583 1849 689 1906 Venetis
710 1852 906 1923 imperiumque
927 1859 1030 1905 nucum!

322 1936 431 2009 Surqite
452 1939 480 1991 in
501 1935 619 1989 imbelles
638 1935 772 2003 homines,
795 1943 923 1991 revocate
943 1936 1017 2007 quod
1037 1937 1099 1991 olim

404 2021 531 2088 Abstulit,
554 2019 621 2087 beu,
651 2019 770 2076 Venetus
789 2021 957 2092 proditione,
980 2021 1058 2077 dolat

322 2107 466 2177 Pontifices
483 2107 606 2176 primum
628 2102 732 2172 theni,
756 2104 947 2177 Princepsque
966 2104 1075 2172 Palati,

285 2207 308 2246 m
407 2189 534 2262 Surpite,
556 2189 686 2257 bellaces,
711 2188 896 2261 Saxonioeque
917 2190 1031 2246 domuc:

325 2274 439 2348 Imperii
457 2291 522 2329 nam
544 2278 695 2329 communis
712 2277 869 2347 metriceque
889 2275 986 2333 solutio

413 2359 467 2414 Vos
488 2375 558 2414 cara
576 2360 653 2431 clepit
671 2360 779 2416 Ceesari
798 2360 896 2414 adesce
917 2376 1017 2422 manu,-

329 2444 382 2500 Vos
402 2459 544 2500 commune
566 2444 663 2499 bonum
686 2452 713 2499 ct
727 2446 890 2516 priscarum
910 2446 999 2517 ploria
1021 2461 1116 2501 rerum

285 2547 310 2586 m
410 2528 530 2585 Suscitat
549 2546 566 2582 o
587 2544 695 2597 somno,
718 2533 835 2601 surpite,
854 2545 963 2603 quasa,
985 2531 1084 2597 duces,

322 2614 473 2687 Imperium
496 2615 590 2669 mundi
607 2617 749 2685 quaesitum
770 2619 904 2687 sanquine
925 2633 1039 2671 anorum
1058 2623 1084 2670 et

412 2698 500 2771 thue
517 2699 572 2754 mc
593 2705 732 2755 servatum
754 2701 780 2753 ei
794 2703 913 2755 relinere
929 2702 1037 2773 placet,

323 2783 355 2860 isi
374 2784 521 2839 libertatem
535 2786 661 2856 priscam
679 2786 836 2856 patriaque
856 2785 985 2851 salutem,

285 2885 310 2924 no
409 2868 532 2941 Denique
554 2870 596 2924 nel
609 2870 757 2940 proprium
778 2871 804 2924 si
820 2871 939 2924 retinere
957 2871 1057 2942 focum.

323 2954 432 3026 Surqite
450 2970 538 3023 nunc,
555 2968 707 3025 proceres,
728 2969 867 3026 propere:
891 2971 955 3010 nam
981 2955 1101 3011 Teutone
1123 2957 1177 3011 late

410 3038 491 3095 Nunc
507 3039 600 3094 buxae
621 3047 745 3116 resonat,
766 3042 882 3095 classica
904 3057 986 3095 arma
1008 3047 1121 3103 cocant,-

321 3124 524 3180 Iilaamilionuo
544 3126 606 3179 item
625 3131 718 3182 vocato
740 3125 779 3181 od
798 3125 884 3181 nobile
906 3125 1014 3192 bellum,

286 3226 312 3267 nt
412 3207 470 3277 Quo
488 3212 599 3280 pariter
619 3210 692 3267 robob
707 3211 810 3283 pluria,
833 3224 936 3282 repna,
960 3212 1053 3265 salus:

323 3294 375 3350 Ille
396 3296 491 3351 etenim
516 3294 604 3351 ltalia
625 3295 698 3352 uobis
718 3297 772 3350 iam
793 3295 917 3351 claustra
938 3296 1062 3362 reclusit,

408 3380 525 3451 Imperii
542 3387 569 3436 et
588 3389 692 3437 veteres
711 3382 766 3434 iam
788 3381 933 3451 reparabit
951 3394 1032 3451 opes,

323 3464 355 3520 Si
376 3466 454 3521 modo
474 3480 537 3520 cum
560 3465 667 3521 domiuo
688 3471 776 3522 vestro
797 3469 964 3538 mentemque
979 3466 1083 3520 viritem

286 3565 312 3604 m
411 3549 521 3605 Sumitic
540 3557 566 3605 et
585 3552 708 3623 paleam:
730 3552 846 3622 surpite,
868 3565 975 3622 quieto,
997 3549 1096 3605 duces!

325 3634 397 3701 Nec,
417 3636 465 3708 qui
479 3636 645 3705 perdiderat
665 3651 726 3690 cum
748 3649 846 3707 reque,
867 3634 1095 3707 Sardanapalum

408 3720 534 3775 Detineot
553 3720 651 3786 lituus,
668 3723 755 3791 pestis
776 3737 890 3788 amara,
911 3723 1008 3778 virum.

326 3804 395 3859 Sunt
415 3812 441 3859 et
461 3818 527 3874 opes
549 3812 574 3858 et
595 3807 658 3874 equi
677 3805 763 3872 vobio,
785 3815 849 3860 cum
869 3823 950 3860 arma
969 3808 1087 3880 virique,

285 3906 310 3947 st
413 3889 479 3943 Tam
502 3889 601 3942 iustam
621 3891 721 3958 superi
738 3891 913 3963 militiamque
929 3894 1031 3946 iuoecnt.

325 3975 433 4042 Quare,
457 3975 640 4044 maquanimi,
663 3976 818 4044 concurpite
839 3991 946 4048 qreoeso,
968 3976 1134 4031 Alemanni:

409 4061 531 4116 Classico
553 4060 606 4113 iam
629 4059 761 4125 soroitant,
784 4057 866 4115 Mure
885 4060 959 4132 sarit
979 4078 1061 4115 arma
1084 4075 1200 4116 uocatos:

323 4144 474 4216 Imperium
493 4151 556 4211 aui,
583 4146 674 4209 timeo,
697 4144 833 4197 maiorum
853 4146 989 4217 sanquine
1004 4152 1120 4217 partum

285 4245 311 4287 so
410 4229 588 4300 libertasque
609 4234 671 4283 ruet
691 4225 750 4298 (Dii
763 4227 906 4298 probibete
927 4228 1058 4302 ncpbae),

325 4313 456 4369 Ludibrio
477 4321 502 4367 et
520 4315 630 4385 pra’doe
649 4314 698 4384 fiet
718 4320 782 4367 uiroc
806 4313 930 4368 Teutono
948 4314 1053 4385 puch,

411 4399 479 4467 Quae
500 4400 630 4455 domitrix
649 4400 711 4453 olim
729 4400 808 4452 totitas
825 4399 898 4452 orbis
919 4405 987 4452 erut.

589 4629 938 4646 -———--·-
