3294 5408
644 543 686 599 hh
708 541 882 601 LECTOREM
903 543 1029 600 Elll'l0ll.

258 726 415 778 Communis
440 726 499 777 iere
518 741 611 775 eorum
630 727 676 791 qui
696 726 797 777 lessam
817 727 922 778 funeris
941 743 1026 777 causa
1044 727 1153 778 faciunt
1172 733 1203 778 et
1223 728 1356 779 maxime
1377 730 1425 795 qni
1444 744 1504 778 eon-

190 812 325 863 solatione
344 812 507 877 solatiisque
527 811 665 862 luctuosos
684 807 816 878 parentes
839 811 1008 862 adliciendos
1031 811 1144 862 student
1172 828 1239 864 sors
1266 814 1362 864 inerit
1381 814 1503 880 quasdam

190 897 439 964 argumentationis
463 897 578 947 ariditas
601 899 739 947 inmatura
762 896 953 962 doloribusque
977 897 1087 948 acerbis
1104 902 1134 948 et
1153 899 1351 950 interioribus
1371 900 1503 950 auditoria

190 985 275 1034 animi
294 983 463 1034 cruciatibus
481 998 575 1048 parum
595 998 749 1048 congruens
769 982 948 1048 eloquentiae,
968 984 1026 1034 sive
1044 982 1206 1048 loquacitas
1226 1000 1263 1034 ea
1283 990 1341 1046 est,
1363 985 1500 1050 gravitas:

190 1069 331 1134 inprimis
350 1073 440 1118 autem
460 1066 573 1133 pallium
597 1068 815 1134 philosophicum
840 1068 881 1117 eis
905 1067 950 1132 qni
975 1069 1094 1118 miseriis
1117 1068 1192 1119 hand
1218 1069 1440 1136 separabilibus
1462 1085 1499 1117 ar·

190 1159 322 1218 guentur,
348 1153 383 1203 ab
415 1152 479 1203 aliis
511 1154 729 1218 superinieetum
752 1152 882 1217 frigidam
906 1152 1001 1202 drumm
1021 1153 1107 1203 iatum
1130 1153 1257 1219 lugentis
1281 1155 1377 1204 animi
1396 1160 1499 1204 vestem

191 1253 252 1287 esse
271 1253 364 1288 omnes
383 1239 567 1288 consentiunt.
598 1238 684 1287 nihilo
702 1253 767 1288 vero
786 1237 875 1303 magis
895 1241 923 1286 ct
940 1242 1050 1288 veteres
1069 1242 1098 1286 et
1116 1239 1293 1289 recentiores
1320 1240 1359 1289 ab
1379 1255 1413 1290 eo
1434 1240 1498 1289 vitio

190 1323 244 1373 sibi
263 1339 363 1374 cavere
382 1323 518 1385 videmus,
539 1324 621 1387 inque
641 1323 712 1371 idem
730 1327 852 1372 nostrum
871 1337 978 1388 qnoque
997 1322 1138 1386 incidisse,
1157 1323 1205 1387 qni
1225 1325 1289 1390 ipse
1310 1325 1437 1375 nondum
1456 1341 1497 1374 es·

190 1408 272 1473 pletis
290 1408 362 1474 legis
379 1406 518 1457 Plaetoriae
537 1409 617 1457 annis
635 1408 748 1456 nimiam
767 1407 933 1473 sapientiam
952 1407 1158 1473 doctrinamque
1182 1408 1334 1473 adhibuit,
1361 1410 1443 1475 quasi
1461 1409 1497 1460 sl·

189 1497 278 1542 terum
296 1491 433 1543 Senecam
451 1492 574 1556 audires,
594 1498 624 1542 ut
641 1507 736 1542 senem
754 1492 887 1558 gentilem
906 1508 992 1556 suum,
1012 1497 1152 1543 strennum
1164 1493 1276 1558 quidem
1291 1495 1496 1559 honestumque

191 1579 325 1643 equitem,
348 1576 397 1628 sed
419 1575 514 1627 rudem
537 1593 555 1627 a
577 1577 705 1628 doctrina
722 1577 861 1628 hominem
879 1583 908 1628 et
930 1577 988 1643 (qui
1005 1577 1087 1628 huius
1104 1578 1217 1642 generis
1236 1579 1328 1629 etiam
1348 1584 1409 1630 tum
1428 1596 1496 1630 eom·

190 1663 280 1712 munis
298 1675 355 1712 mos
374 1662 445 1724 erat)
466 1663 572 1712 esitato
590 1662 746 1714 litterarum
764 1663 924 1729 ingeniique
945 1661 1021 1712 cultu
1039 1661 1201 1713 cottidianis
1211 1663 1284 1727 suis,
1304 1662 1495 1715 familiaribus

191 1763 224 1797 sc
243 1745 398 1812 gentiliciis
415 1747 587 1798 utilitatibus
604 1747 726 1799 deditum
738 1749 836 1809 virum,
855 1747 889 1796 dc
903 1747 959 1797 filio
972 1747 1147 1798 ornatissimo
1158 1746 1316 1799 crudeliter
1328 1748 1495 1816 interempto

191 1846 278 1897 eoquo
297 1833 357 1897 ipso
376 1835 500 1897 ternpore
518 1833 618 1883 misere
638 1848 672 1883 ex
688 1833 742 1883 hac
760 1834 821 1884 vita
839 1839 948 1899 erepto,
969 1847 1021 1898 quo
1039 1847 1149 1898 prorsus
1167 1830 1353 1897 magnificam
1372 1836 1493 1887 felicita·

190 1923 246 1967 tem
264 1916 413 1968 incohasse
430 1917 520 1968 videri
537 1921 661 1983 poterat,
679 1919 761 1968 iustis
778 1918 904 1969 versibus
922 1918 1058 1977 heroicis,
1081 1917 1208 1969 omnibus
1226 1922 1419 1986 praeceptoris
1436 1920 1491 1970 lan·

191 2002 271 2052 dibus
289 2001 387 2068 dignis,
407 2000 603 2052 consolaretur.
635 2003 704 2066 Quae
722 2007 784 2054 utut
800 2018 869 2054 vera
887 2007 951 2052 sunt
970 2017 1031 2052 cum
1049 2002 1082 2052 de
1101 2002 1153 2053 hoc
1167 2003 1295 2054 carmine
1309 2007 1372 2056 turn
1383 2005 1420 2056 de
1433 2020 1492 2055 con·

190 2085 325 2138 solatoria
344 2085 463 2152 epistula
481 2086 517 2136 ad
533 2086 676 2153 lugentem
694 2093 801 2154 patrem
819 2087 948 2138 kalendis
965 2089 1035 2153 Arrg.
1050 2104 1075 2138 a.
1091 2085 1165 2138 lblb.
1178 2103 1213 2138 ex
1231 2104 1300 2141 arce
1313 2088 1490 2141 Steckelber-

191 2175 238 2238 gia
257 2173 344 2222 missa
362 2170 428 2236 (vol.
442 2172 464 2221 l.
477 2188 504 2238 p.
516 2170 558 2223 46.
571 2188 631 2238 sqq.
644 2188 716 2224 num.
729 2172 867 2237 XXVIL),
887 2173 940 2237 ita,
965 2189 1001 2223 ne
1020 2172 1160 2224 claudicet
1177 2172 1212 2223 de
1231 2173 1277 2225 bis
1295 2175 1416 2242 scriptis
1433 2190 1489 2226 sen·

191 2257 294 2321 tentia,
317 2256 448 2307 debemus
465 2271 520 2308 aon
539 2257 688 2324 neglegere
707 2257 779 2323 quod
797 2259 856 2324 ipse
875 2258 1016 2309 Hnttenus
1035 2258 1070 2308 ad
1088 2259 1206 2309 amicum
1223 2259 1382 2311 Enebsium
1400 2260 1489 2328 paullo

190 2348 254 2408 post
271 2343 403 2394 carminis
420 2343 638 2409 conpositionem
655 2343 808 2410 Mogontia
827 2342 918 2392 idibus
931 2343 991 2393 iun.
1005 2359 1031 2393 a.
1046 2342 1119 2393 1515.
1133 2341 1199 2407 (rol.
1213 2342 1237 2394 1.
1250 2360 1279 2410 p.
1292 2345 1352 2409 41.)
1370 2345 1488 2412 scripsit,

192 2443 263 2493 „nos
281 2443 314 2479 ex
332 2427 425 2479 cilicio
444 2443 478 2479 ac
496 2429 603 2495 pietate
621 2429 813 2494 interemptum
837 2427 1041 2494 deploravimus
1065 2428 1188 2479 carmine
1206 2428 1279 2494 qnod
1299 2430 1338 2481 ad
1355 2434 1386 2482 te
1404 2432 1487 2493 mitto,

191 2513 243 2563 tali
255 2513 336 2580 quale
347 2514 522 2565 moestissimo
535 2518 656 2579 tempore
671 2512 753 2564 condi
767 2529 783 2562 a
795 2528 838 2564 me
850 2514 952 2578 potuit:
971 2512 1106 2564 debebam
1117 2512 1170 2564 hoc
1183 2513 1295 2564 iuvenis
1306 2514 1488 2566 innocentia:

191 2599 325 2650 debebam
342 2599 432 2664 patris
449 2599 525 2649 illius
542 2598 684 2649 immensos
703 2613 770 2664 erga
789 2613 831 2648 me
849 2598 1032 2664 benignitati,
1057 2614 1110 2650 nse
1127 2598 1218 2649 minus
1235 2598 1429 2651 Hnttencrum
1446 2614 1488 2649 no·

191 2683 270 2744 mini,
295 2683 374 2735 cuius
396 2688 454 2734 tam
476 2684 596 2751 insignis
617 2683 670 2733 hoc
697 2682 804 2733 scelere
824 2687 997 2749 contemptus
1015 2687 1058 2734 est
1075 2683 1239 2749 quaesituri
1275 2684 1385 2736 similia
1408 2685 1489 2735 etiam

191 2769 287 2820 statim
303 2773 335 2819 ut
352 2768 516 2821 horrendum
534 2771 660 2820 nuntium
677 2768 784 2819 diutino
803 2768 897 2819 morbo
921 2767 1050 2820 laborans
1067 2769 1209 2820 Huttenus
1231 2768 1262 2820 in
1280 2768 1403 2821 thermis
1418 2769 1489 2820 Emi·

192 2852 320 2904 sensibus
344 2859 510 2920 acceperat,
533 2855 637 2905 litteris
661 2853 697 2903 ad
713 2853 909 2919 Marquardnm
933 2853 967 2903 de
985 2853 1119 2905 Hatstein
1142 2853 1215 2905 datis
1234 2852 1305 2918 (vol.
1317 2855 1342 2906 Ι.
1355 2871 1383 2922 p.
1396 2852 1440 2907 39.
1452 2869 1488 2919 sq.

192 2954 265 2989 num.
277 2936 377 3002 XXV.)
394 2938 590 2989 humanissime
604 2939 746 3004 professus
759 2943 810 2988 est.
830 2939 924 3005 itaque
943 2952 1012 2988 naso
1023 2937 1092 2989 licet
1102 2938 1163 2990 hmo
1176 2938 1372 2992 cumulatoria
1389 2939 1490 3006 scripta

191 3023 356 3090 suspendas,
374 3022 447 3074 bene
465 3024 592 3073 meritam
610 3024 739 3090 scriptori
756 3022 866 3074 landem
884 3038 938 3073 nou
957 3022 1119 3088 denegabis.

258 3110 302 3161 De
321 3108 435 3175 reliquis
454 3107 489 3159 ad
507 3107 761 3174 Virtembergensis
779 3108 856 3159 ducis
875 3106 967 3158 scelus
985 3107 1179 3174 spectantibus
1196 3109 1330 3176 scriptis,
1350 3126 1414 3177 quea
1431 3124 1489 3177 pas·

191 3192 244 3244 sim
265 3196 295 3245 in
317 3192 434 3259 singulis
457 3194 560 3245 nostris
582 3193 765 3244 Hnttenianis
787 3193 973 3245 voluminibus
996 3197 1156 3258 occurrunt,
1183 3192 1266 3244 huius
1289 3194 1349 3247 loci
1373 3212 1431 3247 non
1452 3202 1491 3247 ast

192 3293 316 3329 monere:
336 3279 462 3330 carmina
479 3283 587 3329 tantum
606 3279 659 3329 duo
677 3279 785 3331 minora
802 3278 871 3329 illud
889 3279 1120 3344 perstringentis,
1141 3293 1255 3343 qaorum
1273 3279 1398 3331 alterum
1419 3286 1489 3342 ante,

194 3364 309 3416 alterum
327 3367 390 3429 post
407 3362 557 3415 Orationes
576 3364 604 3413 in
621 3363 747 3414 Ulricum
765 3363 864 3414 ducem
882 3364 974 3427 sedet,
993 3379 1029 3415 ue
1048 3363 1160 3426 iterem,
1180 3365 1358 3430 memorabo,
1377 3366 1399 3417 i.
1412 3382 1438 3418 a.

370 3449 418 3499 AD
436 3448 646 3501 LECTOREM.
666 3447 816 3513 „Telomm
833 3450 930 3500 veniat
948 3464 1105 3514 quanquam
1123 3449 1151 3498 id
1168 3463 1258 3514 genas
1269 3456 1296 3501 er
1307 3467 1334 3503 c.

191 3534 293 3586 volum.
306 3534 338 3584 V.
351 3549 377 3598 p.
389 3533 413 3584 2.
427 3537 456 3584 et

191 3619 242 3670 ΔΙ)
260 3617 462 3669 LECTOREM
478 3618 529 3669 DE
548 3617 591 3669 SE
609 3618 658 3669 ET
676 3616 799 3669 LIBRO.
818 3618 899 3681 „Non
911 3618 1002 3670 odisse
1014 3618 1123 3683 librum,
1137 3620 1217 3686 petes
1227 3615 1304 3671 hunc
1319 3621 1416 3674 odisse
1435 3629 1459 3672 et
1470 3638 1490 3672 r.

193 3703 295 3753 ibidem
314 3719 379 3770 pag.
391 3701 433 3754 aa.
447 3701 609 3754 exhibitum.

261 3788 293 3838 Ia
305 3787 486 3840 adnotatione
498 3789 574 3839 hisce
588 3789 676 3855 signis
688 3802 753 3840 usus
765 3804 838 3838 snm:
858 3795 881 3841 1.
893 3807 929 3836 τε
940 3789 1030 3839 Indic.
1043 3788 1172 3855 bibliogr.
1185 3789 1268 3841 Hutt.
1280 3806 1360 3844 aum.
1373 3792 1495 3845 xxnu..

196 3872 255 3924 LE
305 3876 331 3925 2.
343 3892 378 3916 =
395 3873 463 3923 ibid.
477 3890 551 3926 nam.
563 3873 588 3925 3.
642 3878 667 3926 3.
680 3892 716 3919 =
727 3874 793 3923 ibid.
806 3889 880 3924 num.
894 3874 919 3925 5.
972 3875 1008 3924 ΙΙ.
1021 3875 1249 3925 :Huttenisnse
1269 3878 1490 3937 emendationes,

193 3958 226 4007 de
251 3957 350 4021 quibus
373 3958 430 4008 dixi
454 3958 489 4007 ad
506 3959 610 4010 XXIII.
623 3959 648 4010 5.
673 3985 707 3996 -
730 3958 861 4010 Eobanns
879 3959 986 4009 Hessos
1005 3959 1076 4023 (lnd.
1090 3958 1252 4012 bibl.Hutt.
1265 3977 1343 4013 num.
1358 3964 1405 4029 L.)
1423 3964 1490 4014 banc

193 4042 410 4108 deplorationem
432 4044 537 4099 omisit,
566 4047 659 4109 itaque
684 4045 769 4094 etiam
794 4062 811 4094 a
835 4046 953 4096 Grutero
982 4045 1011 4094 in
1036 4042 1166 4095 ‘Delitias
1189 4050 1266 4110 poet.
1287 4046 1394 4100 Germ!
1418 4047 1489 4111 (ibid

193 4143 264 4178 num.
279 4126 332 4192 61.)
351 4144 404 4179 non
423 4134 537 4195 recepta
556 4135 607 4180 est.
