3294 5408
55 413 231 448 ELEVTBERH
243 412 347 448 Brznnr
361 409 522 446 rervurflvs
536 410 673 445 bocconis
687 411 828 446 severitis
843 411 1090 447 8.10A.CAPN10NIS
1104 414 1256 449 nncoruon.
1278 386 1351 456 437

259 568 331 627 Esse
354 567 467 626 bomini
488 563 630 626 similem:
654 565 720 625 lure
743 583 836 633 nurrc,
861 567 943 625 canis
965 566 1117 646 improbe,
1140 575 1225 629 torvo

259 669 344 730 Nunc
367 669 429 729 lere
451 667 539 727 desito
561 685 643 736 seca,
667 675 784 744 sumpto
807 684 887 728 nunc
910 675 1032 746 percute
1055 688 1149 731 cornu

260 771 297 830 Et
319 771 446 831 Suernm
471 775 500 828 et
521 769 642 828 invenes
664 787 719 847 pro
743 769 839 829 Snere
862 768 920 830 tela
943 770 1092 832 lererrteis.

260 872 323 932 llnc
345 871 416 931 niibi
439 870 576 948 (namque
599 888 698 930 meum
721 877 766 932 est
787 870 866 932 bunc
890 873 1054 934 instaurare
1076 874 1279 953 triumphurn),

208 994 245 1034 uu
261 974 435 1042 Carnifices,
460 971 584 1033 clamate
607 972 697 1038 dues;
722 990 771 1030 ros
794 973 930 1033 omnibus
952 975 1056 1046 arinis,
1172 973 1298 1052 {mag
1318 984 1342 1051 ξιξ
1414 970 1416 975 ’

260 1076 317 1135 Vos
339 1092 441 1145 cruce,
466 1093 516 1134 ves
538 1074 650 1152 laqueis
673 1080 702 1134 et
723 1073 826 1135 adacte
849 1074 968 1136 lenibus
990 1095 1067 1138 unco
1171 1060 1190 1094 ³¹¹
1204 1059 1298 1103 erumpo,

260 1178 343 1238 llanc
366 1176 451 1247 mihi,
475 1177 644 1244 carnilices,
668 1193 789 1253 operam
811 1176 887 1246 date,
911 1179 1009 1254 penite
1033 1180 1160 1257 primum

262 1280 297 1339 Ut
320 1279 393 1339 lucie
414 1281 443 1338 in
466 1286 577 1338 terram
600 1296 683 1338 versa
706 1276 891 1356 genibusque
913 1281 1026 1357 supinis

260 1381 321 1441 Nec
344 1379 449 1440 ciclum
473 1380 607 1458 aspiciat,
631 1397 687 1441 nec
709 1397 764 1439 nes
786 1382 964 1442 contaminet
987 1383 1049 1443 istis

210 1505 248 1544 zio
263 1485 392 1544 Attactes
415 1480 523 1550 oculis,
548 1482 746 1560 quoniamque
768 1483 883 1560 impera
906 1480 1041 1552 locutus,

259 1585 393 1645 Mordeat
415 1602 468 1643 ere
490 1582 586 1643 selum
609 1589 638 1642 et
660 1583 798 1661 quiddam
822 1584 858 1644 de
881 1583 1002 1662 pulvere
1025 1587 1152 1646 mandat.

259 1687 330 1758 Quae
352 1703 452 1755 meru,
477 1685 647 1745 carnifices?
669 1690 740 1764 qum
765 1704 815 1744 ves
837 1686 906 1746 liuic
929 1706 981 1748 ore
1003 1695 1115 1748 retorto

260 1788 399 1865 Excipitis
420 1784 565 1863 linguam,
590 1804 765 1864 rnagnorum
788 1789 883 1865 prima
906 1788 1052 1850 nralerum

259 1890 393 1958 Semina,
416 1906 454 1949 ne
477 1887 574 1948 medie
596 1891 689 1966 possit
712 1908 770 1948 non
793 1890 880 1950 landa
904 1890 1054 1970 triumpho

208 2013 245 2051 us
260 1991 376 2051 Dicere!
400 1991 471 2068 quin
495 2007 599 2050 nasum
622 1997 709 2069 atque
731 1990 833 2053 scribas
855 1990 979 2052 avellitis
1000 2011 1103 2064 aures,

258 2093 447 2171 luseritisquo
471 2110 579 2153 uncum
602 2091 742 2172 pedibus,
766 2093 941 2172 trabitisque
963 2095 1072 2172 supino
1149 2091 1352 2174 lssglgffi‘ffi'gfflt

258 2193 372 2273 Poplite
395 2200 561 2255 verrentem
584 2194 719 2273 facieque
742 2201 770 2256 et
793 2203 914 2274 pectore
936 2197 1060 2256 terram!

259 2296 395 2357 Proderit
417 2314 557 2357 excussos
580 2297 665 2356 etiam
689 2296 862 2375 disperdere
884 2297 1013 2367 denteis,

260 2398 303 2460 Ne
325 2405 443 2459 maneat
465 2397 572 2467 labris,
596 2416 655 2476 qno
678 2417 846 2477 quenquam
869 2397 969 2467 laedat,
994 2400 1024 2459 ic
1048 2400 1119 2461 istis.

208 2523 246 2563 reo
260 2502 392 2570 loterea,
416 2517 584 2579 quenquam
608 2501 733 2561 traicitur
756 2508 823 2580 post
844 2508 928 2578 terga
950 2501 1077 2562 redactis

258 2603 292 2664 ln
314 2604 427 2663 lcrrurn
450 2602 602 2672 manibus,
625 2603 732 2680 digitos
755 2609 888 2663 truncate
911 2607 1059 2682 supremis

259 2703 422 2783 Unguibus.
448 2704 595 2765 ‘humane
619 2702 676 2765 est'
700 2705 769 2764 dicit
791 2703 862 2763 mibi
884 2703 1042 2782 Tungurns
1065 2707 1184 2767 ‘istud’:

259 2807 390 2868 luimane
413 2813 471 2875 est;
495 2814 524 2866 et
547 2826 596 2865 vos
619 2813 766 2866 tormento
789 2806 946 2867 immanius
969 2809 1049 2867 omui

258 2911 329 2969 illisi
350 2911 420 2971 estis
443 2909 564 2968 lacinus.
590 2907 670 2966 ‘laete
694 2908 842 2967 committe
865 2907 1014 2987 triumpho
1106 2925 1111 2933 ·

208 3032 246 3071 ne
263 3011 363 3071 ‘llnnc
379 3009 482 3071 saltem
498 3011 660 3088 integrum,
678 3026 715 3069 ne
731 3016 867 3069 mestum
884 3008 947 3069 baec
962 3010 1068 3087 gaudia
1085 3019 1250 3070 monstrem

263 3111 414 3174 ‘Turbet'.
439 3121 468 3171 at
490 3111 539 3172 bie
561 3129 648 3172 nemo
672 3117 716 3170 est
738 3112 785 3170 cui
808 3112 844 3171 sit
867 3110 1035 3172 miserabile
1057 3111 1197 3191 quicquid

260 3216 422 3292 Contigerit
445 3212 543 3280 robis;
568 3214 655 3275 vestri
678 3213 830 3274 miseratio
852 3212 949 3273 nullos

259 3318 313 3378 llic
336 3325 432 3378 ureret
454 3317 592 3384 allectus,
615 3315 714 3376 rident
735 3316 880 3394 puerique
903 3315 1031 3393 virique,

261 3419 297 3480 Et
318 3418 419 3480 faciles
442 3417 571 3478 doluisse
594 3435 688 3478 nurus
710 3416 870 3496 facilesque
892 3413 998 3496 puellae

209 3541 248 3581 no
262 3521 326 3582 Una
348 3538 451 3581 omrres
473 3520 587 3589 rident,
611 3518 776 3599 plausuque
799 3521 914 3581 latente
936 3527 1100 3598 sequuntur
1332 3589 1340 3602 .

259 3623 345 3683 llunc
368 3623 467 3683 ludam
492 3622 630 3701 appensis
652 3620 792 3698 pedibus,
817 3629 1001 3702 tractumque
1023 3625 1130 3703 supino
1223 3620 1352 3699 lss'ffi'ffi

260 3725 400 3803 Oceipiti,
425 3733 455 3785 et
475 3723 598 3784 scabros
620 3731 821 3785 revomentem
844 3725 1039 3803 insanguine
1062 3725 1192 3793 denteis,

261 3827 496 3905 coorossunque
519 3845 611 3894 unco,
636 3826 734 3902 lingua
757 3843 888 3904 nasoque
911 3834 1074 3894 carentem.

260 3930 355 4007 Atque
377 3936 560 3988 exarmatum
584 3928 695 4004 digitis,
719 3945 865 4005 auresque
888 3928 1034 3988 videntem

211 4051 248 4091 aas
265 4032 337 4090 Ante
360 4048 428 4090 snus
451 4048 602 4109 nunquam
627 4031 710 4090 visas.
735 4030 827 4098 Num,
852 4030 980 4106 perlide,
1004 4030 1106 4091 malles

126 4250 156 4283 ⁷⁰¹
178 4253 289 4302 Recidit
313 4256 409 4301 unctor
433 4253 460 4299 in
483 4255 656 4315 spnmuutem
680 4251 864 4300 acerbitatem
890 4267 944 4313 qnu
968 4253 996 4301 in
1020 4251 1232 4302 Exelsmstione
1258 4255 1354 4300 contro

59 4336 176 4387 alterum
200 4337 416 4402 l'eperieornum
441 4336 475 4385 de
499 4336 636 4400 dignitate
660 4351 711 4384 sua
740 4337 918 4386 veliementer
947 4337 1109 4387 discessisse
1138 4337 1205 4386 mibi
1233 4335 1352 4386 videtur.

56 4421 90 4454 ⁷⁰³
109 4421 291 4472 Reuehlinuru
311 4421 580 4484 Rouclrlinistusque.
645 4418 678 4451 ⁷⁰⁸
697 4420 893 4471 Cerriailieinsm
919 4419 1058 4472 inmanem
1083 4422 1155 4471 lacis
1174 4421 1350 4487 triumphum.

57 4507 143 4558 Miror
161 4512 218 4556 tarn
238 4511 311 4557 tetre
329 4507 478 4571 odioseque
497 4507 624 4570 cuiqnam
642 4507 695 4555 nisi
714 4506 839 4555 earniliei
857 4506 979 4571 plaeere,
999 4522 1088 4570 neque
1100 4507 1272 4557 intellexisse
1291 4522 1354 4571 poe·

57 4597 114 4642 tem
133 4608 166 4642 ex
186 4608 236 4642 sne
260 4592 427 4641 indesinenti
450 4590 613 4640 crudelitate
638 4595 705 4656 aput
726 4590 860 4641 humanos
884 4591 1003 4642 lectores
1021 4592 1206 4656 Peperieorno
1231 4593 1353 4642 levorem

58 4677 166 4726 exoriri.
232 4677 265 4709 ⁷⁰⁹
284 4676 382 4725 cudunt
402 4680 427 4725 3.
492 4675 525 4707 ⁷¹²
545 4677 590 4740 qui
608 4679 666 4725 25.
732 4674 765 4707 ⁷¹⁰
783 4677 841 4726 Nee
860 4680 917 4726 m.
976 4674 1009 4707 ⁷²²
1027 4677 1132 4725 Dicunt
1150 4676 1202 4726 tibi
1220 4675 1269 4726 olii
1287 4691 1351 4742 quo

57 4775 118 4826 quo.
171 4759 205 4793 ⁷³⁴
223 4763 242 4811 i.
257 4779 280 4812 e.
296 4761 408 4811 curibus
428 4762 570 4811 abscissis.
594 4761 726 4828 Indignus
744 4761 833 4824 lusus,
853 4766 884 4811 ut
902 4761 961 4813 hece
980 4763 1081 4813 omnia.
