3294 5408
172 374 240 471 ι54
266 403 389 439 uveam
399 404 436 439 AD
445 404 511 439 038.
520 403 732 441 fflllllaldllvll
743 405 777 441 VT
788 406 898 440 nntnvu
909 406 937 440 ltt
949 407 1074 442 vuantos
1085 408 1460 450 rnosntmntottntrotuvtt.

369 557 431 619 Nos
453 557 578 618 Venetos
599 575 693 633 reguo
716 559 844 618 tumidos
867 567 896 618 et
918 569 1017 619 nostra
1041 569 1174 640 petentes

317 679 357 720 ara
453 657 546 719 Ferre
569 667 651 719 extra
675 661 783 737 patrias
805 678 887 719 arma
909 662 1039 722 sinemus
1061 665 1170 742 aquas?

273 751 276 757 ’
369 759 462 830 Onam
486 757 589 821 molles
611 758 679 819 olim
702 759 802 838 populi
825 760 962 840 belloque
984 765 1128 832 minores,

454 861 496 922 tte
519 863 581 922 sine
604 860 768 921 Germanos
791 880 850 921 non
872 865 1002 942 potuisse
1024 867 1125 943 magis.
1232 872 1234 881 ¹

369 963 440 1034 Quae
462 970 567 1022 natura
588 961 646 1022 loci
669 981 792 1043 quaeque
814 982 863 1026 ars
885 964 922 1025 ab
945 967 1059 1044 origine
1081 968 1190 1043 gentis,

319 1085 357 1124 nso
452 1062 570 1124 lnstitor
591 1064 735 1125 Adriacns
758 1066 863 1126 vendat
885 1074 1021 1146 ematque
1043 1069 1142 1145 piper:

370 1165 422 1225 Cui
446 1167 544 1226 minus
566 1173 624 1236 est,
647 1167 775 1243 patrium
797 1167 937 1244 piscando
960 1171 1079 1245 naviget
1101 1188 1218 1247 aequor,

455 1267 544 1346 Spem
566 1265 641 1328 lucri
663 1285 783 1345 parvam
806 1269 1014 1348 possideatque
1036 1270 1189 1348 scapham:

370 1369 415 1429 Tu
437 1376 522 1429 nauis
544 1389 561 1430 e
583 1369 676 1429 llarte
699 1370 776 1429 viros
798 1387 835 1430 ne
858 1369 947 1430 crede
968 1372 1081 1440 timeri,

286 1481 358 1531 *ses
455 1469 529 1531 llum
552 1471 623 1531 sinis
645 1488 660 1529 a
684 1469 784 1530 lilarco
807 1471 967 1531 semileone
990 1474 1065 1550 peti:

370 1571 468 1649 Usque
484 1570 557 1632 adeo
573 1571 669 1650 pudor
685 1579 744 1640 est,
761 1571 839 1650 quod
855 1590 910 1632 nos
924 1573 1033 1633 Veneta
1049 1592 1131 1634 arma
1146 1573 1304 1635 lacessant:

454 1671 529 1733 'l'um
553 1672 622 1751 qnid
645 1674 669 1732 si
692 1679 794 1732 contra
818 1680 848 1733 tu
871 1673 942 1734 nihil
966 1693 1054 1735 ausus
1076 1676 1145 1736 eas?

371 1773 496 1835 Consule
518 1773 716 1851 temporibus,
740 1774 856 1834 videant
878 1784 926 1834 tua
950 1775 1025 1839 lacta
1048 1785 1183 1856 nepotes,

318 1895 357 1936 nes
453 1875 587 1954 Dumque
608 1875 685 1944 licei,
709 1876 815 1935 lamam
838 1877 1017 1954 posteritatis
1039 1877 1101 1937 adi:

370 1977 469 2039 Gloria
491 1983 640 2056 quaeratur
662 1975 714 2036 tibi
737 1976 873 2037 Persidos
896 1978 999 2039 aemnla
1024 1979 1106 2058 Cyri,

454 2078 553 2138 Nitere
575 2076 672 2137 Pellaei
695 2079 812 2138 vincere
835 2085 916 2155 gesta
939 2079 1037 2147 ducis;

369 2180 412 2241 dd
435 2162 674 2240 lacedaemonios
697 2181 796 2239 animo
819 2181 964 2240 contende
987 2180 1169 2259 triumphos,

317 2303 355 2343 coe
452 2279 609 2342 Thebanos
630 2280 733 2341 laudes
756 2281 992 2360 Cecropiumque
1015 2283 1121 2350 decns;
1182 2284 1193 2300 ¹

370 2382 458 2444 Vince
480 2399 583 2460 graves
606 2383 713 2443 Marios
736 2384 842 2444 virtute
865 2382 1038 2462 amplosqne
1060 2382 1206 2452 Metellos,

454 2482 620 2554 Fabricios,
644 2485 748 2546 Curios
770 2485 980 2563 Scipionesque
1002 2484 1113 2555 bonos,

368 2586 601 2664 Pompeiumque
623 2603 738 2654 senem,
762 2586 815 2647 sed
838 2585 934 2646 adhuc
956 2603 1007 2645 sua
1032 2585 1089 2646 iata
1112 2595 1299 2667 sequentem,

317 2707 357 2750 ooo
453 2685 583 2763 Quaeque
605 2688 751 2765 repentini
774 2686 897 2748 Caesaris
919 2693 982 2748 acta
1006 2695 1123 2749 canunt.

371 2909 488 2966 Consule
511 2909 695 2985 temporibus,
718 2910 825 2967 videant
848 2919 894 2966 tna
916 2910 985 2966 iacta
1009 2919 1138 2985 nepotes,

318 3011 356 3055 ast
457 2996 542 3068 thue
558 3003 650 3066 potes,
674 2995 770 3050 lamam
793 2996 965 3069 posteritatis
988 2996 1039 3051 adi.

369 3079 462 3152 Effice
475 3088 543 3153 poet
563 3081 659 3136 multos
679 3082 717 3136 sie
738 3083 924 3136 testatissimue
945 3096 1034 3136 annos

455 3166 542 3238 Atque
564 3167 665 3236 aliquis
687 3165 760 3220 dieat
781 3164 872 3237 ‘fortis
893 3171 919 3220 et
938 3166 984 3220 itte
1001 3164 1082 3237 suit.-

375 3249 459 3324 thue
476 3252 534 3305 aurs
555 3249 645 3322 Cyrus
666 3251 720 3304 iam
737 3265 936 3323 huncquoque
958 3252 1020 3307 uiuit
1037 3250 1072 3304 oh
1091 3253 1192 3320 armis,

318 3353 356 3396 aas
398 3354 401 3359 ·
458 3334 492 3391 Ut
507 3333 625 3390 Macedo
644 3349 741 3390 nomeu
762 3335 834 3389 misit
854 3334 893 3388 ad
910 3340 988 3389 astro
1007 3349 1103 3405 suum,

368 3418 481 3492 Aequor
500 3427 530 3475 ut
546 3422 706 3477 immensum
729 3421 791 3492 teqit
810 3425 888 3474 orato
909 3420 990 3474 milita
1011 3419 1137 3485 Xerxes
1228 3488 1232 3494 ἱ

460 3503 492 3560 Ut
510 3503 577 3576 fera
598 3504 697 3561 Iesaoei
713 3500 819 3577 proetia'
840 3505 913 3576 repis
936 3518 1031 3564 omos,-

376 3587 409 3644 Ut
428 3588 647 3646 lacedemonios
670 3591 772 3662 inperiti
790 3589 871 3645 laude
893 3589 1046 3662 triumphos

319 3690 357 3734 oet
453 3673 646 3748 Thebanasque
669 3688 768 3729 monus
783 3673 982 3746 Cecropiosque
1002 3674 1099 3741 duces,

375 3758 460 3831 thue
481 3761 553 3832 tepea
572 3757 684 3820 ilarius,
709 3758 804 3830 Syllae
822 3760 982 3830 tetricosque
1004 3757 1135 3826 Catones,

453 3842 606 3905 Fabricios.
630 3842 725 3900 Curios
748 3842 938 3918 Scipiadasqne
960 3841 1061 3905 bonos,

370 3927 584 4002 Pompeiumque
607 3945 712 3990 senem.
737 3928 783 3985 sed
806 3928 893 3984 adbuc
916 3945 965 3984 sua
987 3928 1056 3983 betto
1078 3935 1234 3993 norontem,

319 4028 357 4071 aee
452 4011 572 4086 Quaeque
595 4013 730 4087 repentini
752 4011 865 4069 Caesaris
887 4029 969 4068 orma
991 4020 1106 4069 canunt:
1402 4027 1460 4078 (aas)

167 4145 369 4158 ——————·-

234 4228 267 4262 ⁸⁸¹
287 4228 339 4280 Oui
359 4244 394 4279 m.
409 4225 444 4292 e]
467 4228 625 4294 pauperior.
677 4226 711 4261 ⁶⁸⁸
728 4234 787 4281 net.
808 4245 823 4280 e
840 4227 877 4278 M.
890 4225 954 4294 vin]
975 4227 1135 4279 Germanos.
1156 4228 1192 4278 ci.
1206 4228 1343 4292 Panegyr.
1362 4242 1388 4276 v.
1401 4225 1461 4275 289.

166 4313 200 4348 ⁸⁸⁰
218 4314 310 4365 emula
328 4317 353 4364 2.
407 4312 441 4346 ⁸⁹⁰
458 4313 619 4364 Macedonis
636 4313 796 4364 Alexandri.
849 4312 881 4344 ⁸⁹¹
900 4313 1158 4363 Leeedemonios2.
1211 4311 1244 4344 ⁵⁹¹
1263 4308 1392 4377 Cecrop]
1412 4311 1460 4360 Ar-

166 4400 260 4450 tienm.
331 4395 364 4431 ⁸⁰⁵
381 4398 529 4464 Pompeius
553 4413 614 4449 curn
638 4398 739 4448 bellum
759 4397 840 4448 civile
859 4399 974 4449 ineunte
992 4413 1018 4447 a.
1031 4396 1072 4447 49.
1087 4413 1111 4447 n.
1127 4396 1190 4447 Chr.
1209 4397 1354 4462 inciperet,
1374 4410 1461 4446 annos

168 4480 227 4534 lare
238 4483 317 4534 LVII
330 4483 461 4534 habebat.
531 4482 564 4516 ⁶⁰⁶
587 4481 705 4549 repent]
728 4500 796 4544 non,
815 4487 846 4532 ut
858 4481 915 4535 Cic.
928 4482 981 4532 hoc
999 4482 1083 4533 verbo
1102 4483 1201 4542 utitur,
1220 4485 1321 4543 nehus,
1339 4480 1460 4544 ignotus,

167 4568 216 4619 sed
233 4572 367 4634 promptae
385 4568 555 4619 fortitudinis
574 4568 663 4630 homo,
683 4567 729 4632 qui
746 4567 916 4618 Rubiconem
935 4581 983 4617 suo
1002 4571 1125 4632 tempore
1145 4567 1254 4616 transit.
1308 4563 1396 4608 ΜΨ·
1411 4565 1461 4614 Vi-

168 4654 243 4704 desis
260 4653 322 4702 Vel.
335 4653 408 4702 Max.
423 4656 452 4703 et
470 4652 506 4702 ci.
520 4653 586 4703 Hor.
601 4653 644 4703 od.
657 4654 679 4703 I.
696 4651 777 4713 1240.
790 4668 848 4716 sqq.
1104 4706 1108 4713 .

235 4735 268 4769 ³⁸⁰
287 4737 383 4788 Astron.
395 4738 465 4805 Moe.
479 4752 504 4786 v.
518 4735 576 4786 289.
590 4752 649 4802 sqq.
668 4736 746 4798 ‘Quis
763 4733 898 4802 [miretur]
916 4735 1103 4787 Chalcedonio
1127 4740 1297 4786 constratum
1321 4734 1355 4785 ab
1377 4735 1460 4786 litore
