3294 5408
375 413 497 448 averunt
510 412 547 447 AD
559 413 692 448 cessus!
706 412 916 448 mullumve(
929 411 1151 447 resumuntur!
1163 411 1257 447 eretz.
1382 380 1456 453 249

373 567 458 628 Nunc
480 566 564 628 ‹lolor
587 575 616 628 et
637 569 713 647 rapti
735 566 810 628 nrala
833 567 999 646 desperatio
1021 569 1104 644 regui

348 691 359 730 r
459 669 523 731 Heu
545 670 653 730 misero
676 678 793 748 vegetos
815 671 1016 731 comminuere
1038 669 1109 731 dies.

374 770 495 842 Discite,
518 770 673 840 mortales,
697 769 787 832 rebus
808 772 950 851 praelerre
973 769 1091 831 caducis

459 875 547 952 Spem
570 873 686 951 longam
710 882 739 935 et
761 872 850 935 nullis
872 872 978 934 cedere
1000 878 1104 952 sponte
1126 873 1219 934 malis.

295 1057 357 1119 110.
606 1061 655 1110 nn
675 1060 793 1112 neone
811 1034 1019 1110 uranennvm

375 1181 430 1254 Oui
453 1180 583 1250 Gallum,
607 1197 708 1257 reges,
732 1182 807 1240 vinei
830 1180 1013 1260 Venetosque
1036 1179 1150 1250 ridetis,

458 1285 549 1344 lnvito
572 1284 674 1344 moniti
697 1284 811 1344 Caesare
833 1282 940 1343 hebete
962 1280 1048 1343 nihil:

374 1385 405 1446 Si
428 1387 494 1465 quis
516 1386 593 1447 enim
617 1392 747 1446 vestrum
770 1391 881 1445 tantum
903 1386 1063 1445 irritaverit
1084 1384 1215 1456 hostem,

348 1506 360 1546 r
459 1487 523 1548 Non
546 1488 653 1566 poterit
674 1488 796 1549 sunrmis
819 1487 929 1547 viribus
951 1505 1016 1549 esse
1038 1487 1119 1547 satis:

373 1574 497 1650 lllarlima
521 1607 570 1651 res
594 1588 752 1661 venetum,
775 1607 824 1651 res
845 1591 972 1649 maxima
995 1588 1106 1649 eredita
1129 1589 1202 1652 Galli
1225 1595 1285 1657 est;

459 1692 553 1771 Atque
575 1691 629 1752 hos
651 1691 824 1752 coniunctos
846 1689 963 1752 sustulit
984 1690 1031 1751 ille
1053 1690 1149 1753 simul.

375 1794 434 1855 lam
457 1797 482 1855 si
504 1795 569 1874 quis
591 1795 716 1873 sumptis
738 1791 847 1854 bellum
871 1795 1038 1873 experietur
1060 1795 1091 1853 in
1113 1796 1215 1863 armis.

349 1916 361 1955 a
460 1897 583 1958 Frustra
606 1915 689 1977 spem
712 1914 777 1956 sera
801 1894 925 1958 collooat
947 1898 976 1958 in
999 1897 1091 1958 renia.

298 2078 356 2136 lll·
565 2085 614 2134 DE
633 2083 881 2134 MAXIMILIANO
901 2082 1066 2133 SPORTIA.

374 2202 548 2264 Cenomanee
569 2203 694 2283 gaudete
718 2203 821 2273 orbes,
846 2202 995 2271 lnsuloria,
1019 2203 1129 2280 gatrrle,

459 2306 495 2366 Et
516 2314 633 2384 gratare
656 2314 706 2368 tuo
729 2305 820 2367 libera
844 2306 920 2366 lacta
942 2305 1018 2366 duci.

375 2409 513 2485 Respexit
534 2409 662 2468 Fortuna
686 2427 790 2487 graves
812 2410 948 2469 miserata
970 2406 1120 2486 querelas,

344 2530 361 2570 t
460 2507 545 2579 Quod
568 2511 714 2590 quondam
738 2510 899 2571 abstulerat
919 2512 1104 2589 restituitque
1127 2510 1247 2572 bonum.

376 2610 415 2672 lla
439 2613 552 2672 veniam
575 2614 682 2691 periise
704 2622 834 2692 patrem,
858 2613 1055 2691 complectere
1078 2620 1193 2683 natum,

460 2715 548 2794 Spem
572 2717 672 2794 patrie
695 2723 724 2776 et
746 2716 817 2776 tanti
839 2714 990 2796 relliquias
1011 2717 1138 2792 generis.

375 2817 410 2877 tt
433 2823 480 2886 tu,
504 2817 618 2878 interne
640 2835 763 2895 parens,
787 2818 843 2877 isto
866 2819 964 2896 gavise
987 2818 1151 2896 triumpho,

350 2936 362 2977 e
461 2918 533 2980 Elue
556 2919 712 2998 Sequaniei
735 2921 864 2981 carceris
886 2918 1089 2999 opprobrium.

286 3098 355 3187 ¹112·
485 3105 534 3154 DE
553 3106 730 3164 mones-SV
748 3105 910 3161 CAESARIS
928 3106 966 3156 IN
983 3105 1146 3157 ITALIAM.

287 3210 290 3214 ’
375 3222 475 3285 Castra
498 3225 576 3304 quod
599 3225 738 3287 lnsubres
759 3233 954 3305 penetrarunt
976 3227 1099 3288 (esuris
1121 3225 1225 3296 urbes,

459 3324 544 3396 Quod
567 3325 720 3397 Trebiam,
744 3328 902 3408 quodiam
926 3329 1039 3390 transiit
1060 3327 1107 3391 ille
1129 3328 1257 3399 Padum,

375 3428 450 3490 lllota
474 3430 552 3508 quod
576 3430 666 3490 iratos
689 3429 784 3491 tundit
806 3431 962 3492 Germania
984 3430 1118 3501 noeros,

349 3551 361 3591 a
461 3534 542 3593 Saeva
566 3531 644 3610 quod
667 3534 696 3593 in
719 3527 832 3594 latium
856 3540 1009 3612 promovet
1031 3551 1112 3594 arma
1135 3533 1245 3613 Lycus,

348 3620 352 3629 ¹
376 3635 490 3695 l‘rauea
513 3634 591 3714 quod
614 3635 750 3695 Ausoniis
772 3653 804 3696 se
826 3637 950 3696 miscent
971 3635 1087 3713 agmina
1111 3636 1230 3703 turmis,

459 3736 529 3797 ltela
552 3737 728 3798 Teutonicas
750 3738 829 3818 quod
851 3738 928 3798 sidet
951 3755 1001 3799 ora
1025 3756 1144 3809 manus,

375 3837 440 3898 Non
463 3845 509 3907 tu,
533 3838 642 3910 Roma,
667 3841 750 3910 time,
774 3859 876 3901 rerum
898 3842 996 3919 arripe
1018 3839 1112 3901 laetius
1134 3858 1236 3902 omen:

349 3960 362 3997 s
461 3940 525 4001 Non
550 3943 604 4002 nisi
626 3943 676 4021 qui
699 3943 799 4004 nocuit
821 3942 942 4003 essens
964 3960 1045 4003 arma
1069 3944 1159 4003 timet.

171 4094 375 4105 ...—

242 4179 299 4233 109.
329 4178 432 4245 ⁸rspti
450 4177 539 4245 regni]
560 4180 631 4246 qnod
649 4180 745 4231 fratris
763 4180 820 4231 filio
838 4196 946 4233 veneno
964 4181 1108 4246 absumpto
1126 4184 1257 4246 respueret
1274 4180 1343 4244 ipse.

244 4265 299 4333 ill.
331 4262 551 4316 ¹Coeuom.edd.
600 4266 637 4316 cf.
651 4266 739 4331 epigr.
752 4264 794 4315 86.
807 4283 833 4316 v.
847 4265 872 4316 6.
920 4265 1020 4316 ⁴ebst.
1034 4263 1110 4331 rest]
1124 4264 1331 4317 Maximilienus
1343 4269 1462 4316 exeunte

174 4367 200 4404 ι.
217 4349 289 4402 1513.
303 4352 449 4402 restitutus
467 4351 561 4416 paullo
579 4356 641 4417 post
658 4356 746 4402 totam
758 4351 985 4417 Langobardiam
1004 4356 1102 4402 contre
1120 4366 1150 4401 se
1168 4365 1218 4400 eus
1230 4349 1377 4415 tyrannide
1389 4351 1462 4400 exei-

173 4442 262 4487 totsm
285 4437 391 4494 emnil,
413 4440 515 4502 praeter
534 4436 647 4487 Comum
668 4452 703 4488 ee
720 4438 882 4499 Novariam
906 4442 963 4487 turn
980 4435 1122 4488 Trivuleio
1144 4435 1218 4501 apud
1239 4434 1312 4486 huno
1334 4435 1462 4503 oppidum

173 4522 209 4571 ab
222 4520 361 4572 Helvetiis
379 4520 489 4572 devicto
508 4522 545 4585 (d.
558 4521 583 4573 6.
597 4523 655 4572 lun.
671 4536 695 4572 s.
711 4521 796 4585 1513.)
816 4523 845 4573 iu
862 4523 984 4588 petriam
1001 4521 1096 4571 urbem
1109 4519 1228 4581 rediens,
1248 4536 1310 4570 eom
1321 4527 1384 4586 post
1395 4521 1463 4572 duos

174 4621 271 4670 annos,
289 4612 321 4657 ut
338 4607 420 4671 paulo
440 4612 505 4658 ante
524 4607 652 4672 diximus,
670 4608 819 4659 novissime
834 4606 955 4673 reliquit.
1019 4602 1209 4672 ⁸Sequenioi]
1231 4605 1411 4657 Lueaeensis.
1426 4606 1461 4657 ef.

173 4694 259 4758 epigr.
274 4691 330 4743 loo.
346 4693 439 4743 adnot.

243 4777 299 4829 112.
331 4778 375 4829 Οἱ.
389 4779 475 4844 epigr.
490 4777 531 4829 93.
584 4777 594 4809 ³
613 4777 727 4829 nuoetos
744 4781 837 4830 eet.
