3294 5408
601 367 724 403 HVTTBM
737 365 844 401 {ARCVB
858 365 1009 400 HEROICVM·

364 525 557 604 Improvisum
580 521 645 583 orbi
668 528 830 584 monstrum
853 519 938 590 iliud,
962 509 1075 581 δεινόν
1097 507 1221 600 ὅραμα,

365 625 427 690 Nec
449 626 527 687 soliti
549 626 683 704 generis,
706 623 751 684 vel
774 622 889 702 qualem
912 641 990 702 saepe
1013 622 1144 683 videmus

340 725 552 809 οΣκιρτῆσαι
567 716 651 788 κατὰ
665 723 738 807 γῆν,
755 719 810 788 καὶ
829 713 878 806 ἐφ’
894 714 994 785 ὕδασι
1010 722 1103 804 σῶμα
1120 715 1282 797 καλύψαι.

366 830 485 905 Vestem
507 847 617 907 corpus
639 835 716 900 erat,
741 829 931 908 quedamque
954 830 983 888 in
1006 844 1132 905 corpore
1153 829 1248 896 vires,

368 933 404 994 Et
426 950 485 993 non
508 931 721 992 contemnenda
745 933 832 991 animi
856 931 911 1000 vis,
934 930 1032 990 infima
1054 935 1204 1021 temnens,

367 1034 430 1097 Alta
453 1040 571 1113 petens,
594 1032 738 1111 longeque
761 1051 813 1093 sna
836 1051 868 1094 se
890 1053 905 1092 a
929 1039 1008 1092 sorte
1030 1030 1178 1101 nrorebet,

368 1136 558 1216 Addebatque
582 1134 705 1214 loquens
728 1133 872 1211 ingentia,
895 1121 1003 1193 πολλὰ
1025 1121 1056 1193 d'
1081 1126 1178 1212 ἐβόα,

331 1261 355 1301 ιο
369 1237 543 1318 Vicinosque
565 1237 601 1297 ad
624 1256 656 1296 se
678 1235 803 1315 popnio's
825 1228 970 1314 regesque
992 1229 1114 1296 vocabat

367 1339 471 1417 Magna
495 1339 627 1400 locutura
652 1346 681 1400 et
702 1355 790 1415 grave
813 1337 849 1397 de
872 1336 1078 1398 commonibus
1100 1339 1172 1397 actis

369 1440 544 1505 Consulturu
567 1442 652 1509 viris;
674 1439 756 1501 Rana
779 1457 813 1500 os
834 1432 1033 1521 humerosque
1055 1440 1220 1520 pedesque,

271 1618 274 1623 ,
369 1543 474 1606 Omnia
495 1543 591 1613 Rana,
614 1542 667 1604 sed
687 1541 820 1620 Euganei
840 1543 942 1618 regina
965 1541 1104 1620 profundi
1245 1528 1251 1547 '

339 1696 342 1701 .
369 1646 441 1717 Qun
460 1643 578 1707 titulum
599 1644 743 1715 adseruit,
766 1646 824 1706 iam
846 1662 906 1704 non
929 1651 1066 1705 contenta
1087 1642 1209 1734 paludes

273 1746 276 1751 ’
334 1770 357 1812 u
371 1749 409 1811 Et
430 1747 524 1811 luteas
544 1746 678 1810 habitare
701 1765 783 1808 casas
805 1765 980 1825 comumque
1002 1745 1152 1816 relictum,

369 1851 476 1931 Aptrun
498 1850 640 1920 humeris,
664 1856 764 1929 aptum
787 1850 892 1911 cervici
914 1851 1040 1919 immane
1062 1849 1168 1910 Leonis

370 1953 509 2016 induerat
529 1960 631 2030 tergus
652 1951 794 2031 nidosque
815 1957 931 2032 aptarat
953 1959 981 2012 et
1003 1968 1132 2029 ungues:
1263 1946 1267 1951 ’

326 2100 330 2108 ·
369 2056 453 2119 Tunc
474 2054 600 2117 Venetos
621 2055 697 2116 inter
720 2051 860 2135 populos,
884 2053 1022 2115 Athesina
1045 2053 1154 2114 fluenta
1191 2092 1196 2101 ·

371 2157 515 2238 nonique
537 2174 621 2218 arces
642 2157 722 2218 iuxta
745 2163 832 2237 etque
854 2156 1011 2219 Antenoris
1033 2155 1138 2217 urbem

331 2282 357 2325 ao
372 2261 468 2330 Sedit,
491 2267 520 2321 et
541 2258 644 2321 induta
667 2257 757 2327 voluit
778 2259 837 2320 Leo
859 2258 940 2339 pelle
963 2259 1068 2328 videri,

370 2363 403 2425 io
419 2363 577 2442 medioque
592 2345 696 2430 vuum,
713 2358 880 2442 quanquam
898 2355 1064 2440 edendnm
1079 2347 1181 2421 οὐδὲν
1195 2346 1318 2441 ὁμοῖον

269 2504 275 2513 -
366 2451 574 2545 Ἀνθρώποις
594 2482 630 2524 τε
649 2465 744 2536 θεοῖς
766 2482 801 2525 τε
824 2457 879 2527 καὶ
898 2452 1069 2544 οὐρανίοις
1091 2469 1263 2553 πετεηνοῖς

299 2606 301 2610 -
371 2568 430 2631 Aut
450 2564 493 2628 illi
515 2565 592 2627 ieret
613 2574 664 2628 aut
684 2585 716 2628 se
739 2567 922 2630 dissimulare
945 2567 1014 2648 quid
1038 2573 1115 2629 esset

372 2671 438 2751 ipse
459 2672 529 2734 satis
551 2675 664 2749 posset,
688 2676 786 2731 tamen
808 2670 872 2731 lraec
894 2687 1032 2748 aggnessa
1054 2668 1202 2750 loquendo
1224 2674 1283 2736 est,

333 2793 360 2834 as
374 2766 441 2834 Καὶ
455 2780 549 2834 τοῖον
564 2761 650 2850 φάτο
665 2767 794 2852 μῦθον,
810 2759 876 2833 ἀπὸ
892 2762 1054 2853 στόματος
1069 2760 1098 2832 d’
1116 2758 1299 2850 ἀγόρευεν·
1399 2756 1403 2763 ’

372 2875 462 2945 mee,
483 2873 561 2945 itali,
584 2881 702 2945 vestrae,
726 2881 820 2935 vestre
844 2881 872 2934 et
894 2868 1010 2937 fortuna
1034 2875 1143 2951 coegit,

374 2976 463 3039 ‘Cum
485 2996 603 3057 possem
625 2976 765 3039 Adriacas
786 2977 935 3038 moderari
957 2978 1048 3037 tutius
1070 2976 1178 3046 undas,

374 3079 500 3157 ‘Regnis
522 3098 575 3141 usa
597 3080 685 3150 meis,
709 3079 897 3141 animemed
921 3082 1031 3140 maiora
1055 3080 1183 3140 reterre:

375 3180 524 3262 ‘Namque
546 3188 579 3242 ut
601 3180 747 3244 bellorum
770 3184 940 3244 transmissa
964 3200 999 3243 ex
1022 3180 1094 3262 Alpe
1117 3179 1264 3261 qarocedas

334 3304 360 3346 sn
375 3282 523 3346 ‘Teutana
544 3290 626 3344 terra
647 3284 697 3346 diu
720 3285 803 3347 ierali
825 3286 961 3348 effuderit
982 3285 1042 3355 ira,

373 3385 423 3446 ··ln
445 3404 497 3449 ros
518 3404 600 3447 arma
623 3405 748 3465 urovens
766 3395 883 3448 nostras
905 3389 1028 3450 accessit
1049 3387 1085 3448 ad
1108 3404 1211 3455 aurem

257 3492 262 3502 '
373 3490 485 3570 ‘thue
507 3496 571 3550 erat
591 3489 709 3575 ingenio
732 3497 761 3552 et
781 3490 871 3551 rebus
894 3490 1101 3552 communibus
1122 3505 1255 3569 aequum,

374 3590 504 3653 ‘indolui
526 3592 602 3653 iacto
625 3589 748 3673 iemqne
770 3593 919 3671 indignata
940 3595 1042 3672 peregi

374 3694 505 3757 ‘Mecum
526 3712 620 3774 regnas
642 3704 743 3757 noctes
765 3698 934 3776 gemituque
956 3695 1085 3777 urgebar
1107 3693 1229 3764 anhelo,

173 3831 375 3844 -....-..—-·

239 3967 251 4000 ³
268 3967 309 4019 32.
323 3965 350 4019 δ.
362 3956 416 4033 dn]
428 3967 591 4019 horrendum
604 3970 801 4035 spectaculum.
822 3970 858 4021 cf.
872 3971 953 4035 Verg.
967 3969 1034 4021 Aen.
1048 3969 1069 4020 1.
1083 3966 1141 4019 utu.
1161 3966 1355 4033 „Inprovianm
1374 3968 1471 4032 aspris

171 4053 259 4116 veluti
272 4053 318 4119 qqi
331 4053 456 4104 sentibus
468 4067 585 4123 unguem
597 4054 733 4108 Pressit'’.
786 4055 797 4088 ⁵
814 4054 856 4107 60.
870 4056 1017 4107 Euenitore
1036 4071 1084 4122 per
1102 4060 1204 4105 terrum
1223 4058 1251 4103 et
1267 4051 1295 4101 in
1309 4052 1391 4118 equis
1405 4069 1469 4104 eor·

172 4155 223 4206 pus
241 4137 371 4190 condere.
423 4137 622 4205 Σκερτῇσοοι4.
679 4141 745 4193 ici.
759 4143 841 4208 Verg,
855 4142 922 4192 den.
935 4142 967 4192 V.
979 4125 1039 4192 aad.
1053 4139 1163 4204 „effetae
1181 4141 1210 4189 in
1228 4152 1342 4203 corpere
1360 4137 1468 4189 οἰκί’.

172 4224 242 4277 ⁹76.
255 4241 285 4276 π.
299 4217 330 4277 δ’
349 4215 401 4291 tu]
423 4223 590 4291 multumque
609 4226 758 4279 eicmubat.
807 4220 885 4295 ἐβόα]
906 4220 1046 4296 indetur,
1068 4233 1102 4277 W.
1117 4223 1144 4292 [i.
1160 4242 1183 4276 e.
1195 4222 1288 4274 Wolfii
1307 4221 1350 4272 od.
1365 4223 1468 4274 Butra-

174 4307 270 4376 chom.]
290 4301 409 4377 ἒβῶσεν·
425 4312 454 4360 Β.
503 4308 524 4343 ¹²
541 4311 578 4361 tn
597 4327 640 4377 ap.
653 4313 736 4380 Verg.
750 4314 817 4364 Aen.
831 4313 852 4363 1.
866 4311 924 4363 589.
944 4314 1053 4365 deneas
1072 4328 1121 4375 „oe
1139 4323 1299 4373 umerosque
1317 4305 1370 4359 deo
1388 4309 1469 4359 simi-

174 4396 233 4448 lis”.
304 4394 324 4427 ¹³
341 4393 480 4462 Euganei]
499 4397 642 4457 Adriatici,
662 4396 770 4448 Veneti.
835 4397 972 4466 15ο.οο1.]
993 4415 1010 4448 e
1028 4400 1111 4460 mori3
1129 4396 1247 4462 lagunas
1265 4408 1336 4443 nune
1356 4393 1466 4444 diem

174 4480 193 4514 ¹⁰
211 4478 359 4547 Acturo]
379 4482 533 4533 Patavium.
553 4484 645 4533 ef.De
663 4483 731 4550 pise.
747 4484 968 4534 Venetor.v.2it.
1037 4483 1060 4515 ²⁰
1077 4483 1165 4534 volvit
1183 4485 1237 4534 d..
1276 4477 1468 4545 ‘inaquoso

174 4570 300 4617 naturam
318 4565 426 4617 omnino
444 4583 498 4618 non
516 4568 614 4620 simile.
651 4562 679 4631 ἐς
698 4588 728 4637 φ.
746 4576 780 4618 W.
793 4573 821 4618 B.
891 4569 913 4602 ²²
930 4569 971 4620 26.
985 4570 1202 4633 Hominibusque
1226 4565 1339 4630 deisque
1362 4570 1392 4615 et
1411 4582 1466 4616 en·

173 4651 291 4702 lentibus
307 4651 474 4703 volutilibus.
525 4653 547 4686 ²³
567 4653 619 4721 illi]
640 4658 735 4708 Leoni.
805 4655 827 4688 ²⁵
845 4657 886 4705 77.
900 4657 937 4705 Et
955 4655 1037 4705 telem
1056 4655 1126 4705 dixit
1143 4667 1296 4704 sermonem
1314 4656 1344 4701 et
1362 4651 1399 4702 ub
1418 4668 1468 4703 ore

174 4736 330 4787 iocuteest.
366 4726 395 4787 δ’
414 4731 581 4809 ἀγόρευσεν·
599 4750 634 4795 W.
648 4738 675 4794 τ’
694 4735 902 4811 ἆγὸοευσεν·Β.
953 4740 975 4772 ²⁹
994 4742 1086 4805 Nequ
1105 4743 1129 4790 1.
1181 4738 1201 4771 ³¹
1220 4739 1253 4789 In
1272 4751 1321 4787 nes
1339 4740 1367 4788 2.
