3294 5408
243 340 312 411 174
339 371 456 407 usuum
470 372 505 407 DE
519 373 609 406 BRLLO
624 372 699 406 ΠΕΟ.
710 370 776 407 ΔΜ.
788 372 887 407 VENET.
902 373 937 405 ΕΤ
947 372 1053 406 TVRCAS
1068 371 1172 405 onusto
1186 371 1503 408 1A1111L.Av‹}.mc·n.

237 536 335 585 cturas
355 530 437 584 etiam
456 528 584 581 minimas
597 527 687 596 pollui
706 528 732 579 si
751 528 886 596 quispiam
906 533 1016 596 prater
1042 533 1190 598 tyrannos,
1221 544 1289 599 quos
1313 528 1415 585 nobiles
1434 536 1460 584 et
1478 547 1537 585 ma·

235 615 353 687 paificos
373 613 518 686 appellare
535 617 655 683 oportet,
677 613 859 681 eontinperets
887 627 941 665 non
963 614 1090 682 inpcniis,
1119 628 1173 667 non
1195 612 1334 684 fortuna,
1368 631 1424 669 non
1445 617 1542 671 uirtuti

171 700 281 758 s·²⁰·ad
301 698 444 770 munitates
462 698 540 752 locus
558 711 592 749 nc
616 698 659 749 oia
678 701 762 765 patet.
808 694 931 762 Saloete,
953 712 968 749 o
994 696 1123 764 Romani,
1153 698 1242 754 diuum
1263 713 1365 770 penus,
1394 702 1423 754 im
1444 708 1538 756 vestra

237 784 344 839 ciuitate
362 783 455 859 virtuti
471 783 547 837 locus
568 797 711 851 nunquam
733 779 837 851 defuit;
857 796 903 836 aas
925 783 1047 852 intepras
1069 784 1189 836 civitates
1207 783 1337 838 Romana
1358 786 1466 839 civitate
1486 785 1537 840 da·

237 870 358 934 mmsis,
380 882 426 924 aas
446 866 487 922 ad
505 873 640 931 senatum,
660 864 699 919 ad
719 867 904 927 carisulatam,
925 867 963 919 acl
984 880 1109 936 reanum,
1135 867 1174 920 ad
1190 869 1335 938 imperium
1356 882 1372 922 e
1396 868 1557 936 Tusculis,⁵

238 968 254 1008 e
281 953 394 1018 Volscis,
417 967 432 1006 e
454 950 572 1017 Sabinis,
594 964 632 1005 ex
656 950 754 1016 Gallia,
778 949 933 1015 Pannonia,
954 951 1093 1020 Apianae,
1119 950 1273 1022 Hispania,
1303 967 1340 1008 eac
1361 953 1467 1009 Arabia
1489 970 1537 1010 us-

237 1052 291 1109 que
310 1053 347 1093 ex
369 1043 421 1093 iola
441 1037 507 1091 orbe
525 1042 667 1090 terrarum
689 1038 762 1090 uiros
784 1035 894 1090 idoneos
914 1037 1124 1106 conquisivistis:
1155 1035 1251 1092 Veneti
1269 1036 1416 1108 fastidiunt
1433 1040 1538 1111 probos

236 1130 263 1177 et
281 1122 463 1178 Hermolaum
482 1120 643 1176 Barbarum
665 1128 691 1174 et
717 1121 818 1174 similes
842 1135 920 1187 suos,
949 1121 1048 1174 nerium
1073 1122 1191 1175 alienos.
1237 1120 1439 1189 Quamobrem?
1470 1127 1537 1195 quia

236 1208 402 1263 studuerunt
418 1207 560 1277 peaenia,
582 1221 637 1260 non
659 1206 775 1271 militia,
798 1211 978 1271 mercaturae,
1008 1221 1062 1259 non
1085 1206 1263 1273 litteraturae,
1292 1205 1454 1279 Mapmerlo,
1480 1226 1538 1264 non

236 1291 361 1350 cbristo:
373 1321 375 1325 ·
387 1294 425 1346 ita
444 1296 510 1347 sunt
527 1292 652 1358 instituti,
681 1297 712 1344 ut
731 1292 786 1343 iarn
809 1289 887 1360 apud
906 1305 952 1343 eas
972 1292 1006 1343 sit
1025 1289 1132 1361 nepbus
1149 1293 1276 1362 confiteri
1295 1308 1329 1346 ac
1344 1296 1536 1363 poenitentiam
1548 1299 1570 1337 ¹⁰

237 1391 321 1450 apere
339 1376 373 1431 (le
392 1374 552 1433 criminibus
573 1390 636 1446 quic
652 1392 710 1447 pro
731 1374 874 1445 republica
893 1381 990 1429 contra
1010 1375 1129 1429 diuinam
1148 1378 1315 1430 maiestatem
1331 1380 1535 1434 commiserunt.

168 1452 343 1540 stimma}
374 1461 507 1527 Romani,
528 1459 651 1514 bomines
672 1461 877 1532 sapientissimi,
900 1466 956 1513 tres
978 1460 1098 1514 ciuitates
1116 1463 1154 1514 ita
1171 1467 1310 1532 potentes,
1333 1462 1408 1533 quod
1422 1464 1537 1534 pondus

238 1549 349 1620 imperii
364 1549 501 1603 sustinere
514 1547 682 1616 potuissent,
705 1550 824 1616 propter
852 1547 906 1598 tria
934 1547 1059 1614 mamma
1082 1547 1151 1600 vicia
1176 1545 1279 1600 deletas
1298 1560 1358 1600 esse
1380 1548 1534 1615 valuerunt,

237 1677 281 1712 Μ
332 1624 416 1709 mfssl
441 1629 633 1701 Cartbapinem
650 1636 770 1702 propter
784 1630 942 1700 perfidiam,
965 1630 1090 1701 Capuam
1108 1636 1228 1701 propter
1247 1629 1414 1702 superbiam,
1437 1632 1533 1688 Corin-

237 1717 311 1774 tbum
330 1722 449 1790 propter
471 1716 625 1771 auaritiam.
667 1732 729 1786 qrioe
748 1717 864 1769 crimina
886 1716 980 1786 qualia
1001 1717 1029 1769 in
1057 1715 1211 1771 Venetianis
1232 1717 1300 1783 sint,
1323 1715 1467 1787 dilipenter
1488 1726 1528 1774 at·
1544 1724 1565 1762 ¹⁵

237 1803 349 1871 tendite,
378 1807 409 1857 ul
428 1800 489 1856 brec
509 1808 535 1854 et
556 1803 643 1856 multa
661 1802 717 1854 ulia
738 1817 802 1872 quea
823 1802 870 1855 aix
891 1803 919 1854 in
944 1802 1058 1871 simpulis
1084 1803 1280 1871 reperiantur,
1310 1799 1374 1855 buia
1400 1804 1451 1857 uni
1467 1804 1532 1858 ciui-

235 1878 382 1964 {mfl
409 1888 459 1941 tati
477 1888 598 1958 propria
625 1888 692 1940 vicia
714 1888 769 1940 sint
795 1892 822 1940 et
836 1886 1007 1957 peculiaria:
1031 1885 1158 1957 sartores
1184 1894 1362 1957 sartoresquc
1387 1887 1532 1955 scelerum,

235 1972 442 2043 inventoresque
464 1987 498 2026 ac
521 1971 643 2045 artifices
662 1987 798 2025 novarum
816 1970 1022 2037 machinarum,
1047 1986 1164 2043 quoram
1188 1971 1262 2026 cellce
1284 1986 1319 2025 ac
1339 1980 1446 2028 meatus
1468 1988 1530 2027 cor-

230 2059 313 2135 poris
330 2056 400 2111 nibil
418 2056 495 2111 aliud
510 2062 574 2110 sunt
594 2073 676 2128 quam
698 2059 867 2128 spiramenta
885 2057 1088 2127 proditionum:
1116 2071 1194 2111 tiemo
1216 2072 1278 2110 cum
1301 2058 1340 2110 eis
1361 2071 1530 2113 commerca-

235 2148 281 2197 tar
303 2156 383 2215 quem
405 2141 444 2195 ad
461 2147 616 2195 ealremum
633 2140 672 2194 ad
688 2140 848 2213 lachrymas
869 2158 924 2196 uon
945 2147 1060 2212 capuam
1087 2142 1190 2196 nullum
1209 2141 1306 2195 bellum
1327 2158 1345 2194 a
1368 2144 1458 2198 multis
1475 2151 1565 2197 sce-²⁰

234 2227 304 2281 culm
323 2229 395 2282 inter
416 2224 587 2282 Christianos
604 2233 708 2296 peslum
731 2233 772 2280 est
792 2229 869 2281 ceritis
892 2228 947 2296 ipsi
966 2233 1093 2281 auctores
1114 2243 1169 2280 rum
1190 2228 1347 2293 extiterint;
1370 2242 1448 2282 nemo
1478 2226 1529 2283 Ve-

234 2313 322 2367 netiae
342 2311 464 2378 divertit,
493 2311 528 2365 sit
549 2317 661 2379 acutus,
688 2315 724 2367 sit
750 2313 980 2383 circumspectus,
1006 2313 1041 2365 sit
1061 2314 1188 2381 sapiens,
1212 2313 1261 2382 qui
1281 2328 1335 2365 non
1357 2312 1531 2384 decipiatur,-

234 2402 283 2452 aut
298 2398 392 2469 aliqua
412 2395 510 2469 fucata
534 2410 625 2450 merce
642 2403 690 2450 caut
713 2398 805 2468 aliqua
824 2396 901 2467 salsa
922 2411 1029 2468 pemmo
1051 2398 1277 2462 circumvenitur,
1299 2402 1348 2451 aut
1367 2414 1385 2450 a
1402 2397 1528 2469 publica·

234 2482 277 2537 nis
292 2480 485 2554 synprapbam
502 2496 556 2536 non
575 2482 689 2551 accepit,
708 2491 758 2537 ant
777 2482 986 2552 exploratorum
1008 2496 1123 2535 numero
1144 2488 1198 2536 est:
1221 2481 1338 2552 denique
1358 2490 1399 2537 est
1420 2497 1531 2554 semper

165 2568 329 2639 §.matam
356 2566 430 2620 mula
457 2581 533 2621 cruc
558 2582 620 2637 quoe
645 2565 831 2638 deprehensas
858 2570 972 2621 miseras
1002 2572 1128 2637 torqueat
1151 2583 1186 2621 ac
1214 2568 1366 2622 excruciet.
1410 2566 1449 2621 Et
1467 2575 1562 2639 quoe²⁵

233 2642 373 2729 {md
392 2656 484 2722 polest
502 2653 590 2705 oratio
612 2666 706 2706 eorum
724 2652 862 2722 snperbia
875 2668 936 2722 par
957 2652 1095 2706 iraeniril
1116 2650 1147 2705 bi
1165 2658 1229 2707 sunt
1248 2651 1370 2707 homines
1391 2654 1440 2724 qui
1452 2654 1532 2707 aiunt

232 2737 312 2808 apud
328 2750 358 2792 se
380 2741 475 2790 natam
496 2735 657 2791 nobilitatem
681 2751 753 2803 esse,
779 2738 828 2808 qai
853 2738 906 2791 soli
925 2727 1018 2792 diuites
1042 2752 1077 2790 ac
1097 2736 1222 2803 modesti,
1250 2738 1302 2792 soli
1319 2738 1459 2807 sapientes
1479 2736 1531 2791 sibi

232 2822 358 2879 videntur
381 2836 451 2877 esse.
495 2836 545 2877 aas
568 2828 657 2876 autem
685 2825 732 2892 φα·
755 2838 809 2875 sion
833 2828 862 2876 ut
880 2822 1017 2876 dracones
1038 2828 1114 2875 recta
1132 2829 1257 2891 pectore,
1282 2828 1308 2876 et
1327 2823 1399 2876 elala
1420 2823 1529 2877 ceruice

226 2908 382 2978 purpurati
403 2923 457 2962 non
474 2906 632 2973 incedimus,
654 2908 703 2978 qui
721 2909 805 2962 miella
824 2906 897 2960 milia
915 2909 942 2961 in
967 2923 1036 2961 arca
1057 2923 1113 2961 raon
1132 2907 1304 2973 custodimus,
1324 2921 1477 2963 sermonem
1498 2909 1526 2961 in

231 2990 320 3064 dipitis
341 3008 395 3057 non
413 2994 614 3060 constituimus,
637 2997 769 3063 arpentea
789 2991 907 3063 surcula
928 3009 982 3046 non
1005 2993 1184 3059 comedimus,
1211 2991 1327 3047 barbari
1345 3007 1456 3059 siamus,
1482 2993 1560 3046 ἔνι-30

231 3083 427 3149 lereiperantes,
452 3077 534 3143 ebrii,
563 3077 699 3132 dementes
725 3093 760 3132 ac
787 3079 896 3144 vesani,
916 3079 1061 3149 principes
1086 3082 1175 3131 aretem
1202 3091 1294 3132 omnes
1322 3093 1375 3131 uim
1396 3075 1526 3132 vacabulo

228 3164 345 3234 tyranni
351 3185 359 3224 ;
379 3161 518 3217 borninum
534 3162 724 3217 mendicabula
739 3178 789 3217 nos
809 3163 906 3229 odere,
924 3178 975 3217 nas
993 3168 1174 3217 contemnant.
1219 3177 1315 3217 sumta
1333 3162 1386 3216 illis
1408 3163 1525 3217 materia

229 3247 269 3302 ad
296 3247 443 3302 ridendum
465 3247 621 3314 uberrima,
646 3239 696 3302 rios
715 3248 789 3304 Galli
814 3248 943 3315 maltum,
967 3248 1018 3301 secl
1043 3255 1117 3302 certe
1141 3262 1187 3303 aas
1213 3247 1341 3302 Alemnni
1367 3263 1422 3302 nan
1446 3247 1526 3318 lonpe

229 3334 335 3387 mirms:
357 3349 422 3388 mam
443 3349 508 3404 qua
524 3335 642 3404 nuptioe,
667 3350 729 3405 quoe
754 3333 885 3389 comoedia
907 3339 956 3388 aaut
973 3332 1072 3404 sabula
1097 3332 1213 3387 Venetiis
1233 3347 1354 3404 unqnam
1377 3337 1440 3385 iacta
1460 3331 1524 3402 fuit,

226 3419 256 3473 in
276 3434 332 3489 qua
345 3419 507 3490 primarum
526 3421 648 3488 partium
668 3419 819 3473 Alemanus
836 3417 915 3472 boum
932 3435 985 3472 non
1001 3417 1090 3491 suerit
1111 3417 1298 3472 introductus?
1316 3417 1400 3473 uestri
1420 3430 1521 3483 mores,
1532 3421 1557 3461 ³⁵

227 3517 332 3568 sermo,
361 3506 459 3569 aicius,
488 3500 611 3568 babitus,
637 3504 761 3558 incessus
784 3519 839 3574 per
859 3506 954 3557 neimos
975 3520 1010 3558 ac
1031 3501 1177 3557 histriones
1194 3507 1412 3572 repraesentatus
1430 3501 1524 3555 ridere

226 3594 253 3643 et
267 3588 393 3660 paudere
422 3587 548 3643 Venetias
563 3586 649 3660 facit,
675 3590 817 3657 exultare,
843 3587 1032 3660 triumphare,
1059 3590 1176 3660 postire·
1202 3593 1278 3641 tarita
1300 3592 1341 3640 est
1358 3601 1454 3641 eorum
1475 3601 1523 3641 su-

227 3720 428 3728 -----

295 3787 453 3853 ¹Tyrri'1nos
465 3792 489 3838 t.
525 3787 713 3838 ⁷Hermolaus
722 3788 870 3849 Barbarus,
885 3788 1014 3848 Venetus,
1029 3792 1110 3835 uatus
1124 3784 1390 3849 a.1-154.,praecoais
1404 3785 1521 3848 ingenii,

225 3873 371 3940 Pomponii
388 3872 462 3923 Lati
480 3872 646 3938 discipulus,
665 3880 769 3925 strator.
788 3870 1208 3937 g1·an1muticu3‚philosophus,
1227 3885 1252 3919 a.
1269 3868 1340 3918 1491.
1359 3869 1521 3933 patriarcha

226 3958 413 4023 Aquileiensis
437 3958 529 4006 faiam
554 3955 700 4022 †a.1s¹s:t.
719 3958 841 4022 „outamb
862 3964 888 4020 os
911 3972 935 4006 et
958 3956 1017 4019 lali)
1037 3953 1148 4019 sinaitis
1172 3952 1332 4019 [baiamons
1355 3966 1405 4005 non
1428 3950 1521 4017 ,Qqui-

225 4040 286 4109 leia]
306 4040 537 4106 unoetvicesimo
556 4040 650 4107 milen,
669 4048 717 4094 nno
736 4043 769 4115 iu·
779 4039 832 4105 jam
851 4040 960 4104 leontion
977 4053 1154 4102 anatnommta
1172 4045 1230 4102 heti,
1250 4046 1349 4091 mutum
1368 4037 1442 4100 [arlo
1455 4033 1520 4100 biti-

126 4113 129 4118 ’
224 4128 355 4192 sinilibus
373 4141 444 4191 aram
460 4126 499 4191 jn
519 4128 546 4179 in
562 4141 618 4191 um
637 4128 734 4190 braant,
751 4132 777 4188 bs
796 4126 834 4189 [aa
849 4124 881 4188 ju
897 4139 929 4188 sn
948 4125 1037 4187 amiam
1057 4134 1127 4187 tanen
1146 4124 1173 4175 in
1189 4123 1246 4187 jtsa
1265 4125 1376 4186 amatim
1396 4121 1433 4175 osi
1448 4122 1519 4173 obst·

225 4202 480 4276 &incensissimam
504 4212 630 4275 aetiana,
659 4211 824 4272 serbaantm,
854 4205 1054 4272 innutritum.
1086 4215 1134 4260 nno
1154 4202 1228 4271 suaa
1256 4205 1438 4272 [tinctorias.
1470 4214 1517 4258 aas

224 4301 414 4361 essentitatem
437 4295 504 4359 elilio
529 4297 564 4347 ite
586 4288 675 4358 ailla.
711 4294 815 4357 molbio
838 4288 970 4359 uraniae
994 4301 1041 4346 uno
1064 4291 1209 4357 subsistitis
1232 4285 1360 4351 tituenus
1379 4297 1427 4342 aab
1445 4294 1520 4353 tuom

223 4381 390 4447 osculamini
412 4381 483 4444 aliid)
507 4385 553 4434 nn
569 4371 600 4444 31⁰1
622 4381 717 4444 [amab
733 4387 774 4431 ms
793 4381 902 4443 bestiam
921 4375 1059 4442 ilimitluu
1083 4370 1161 4440 italo,
1184 4381 1224 4429 als
1245 4368 1275 4440 3st
1298 4377 1389 4442 [bosen
1412 4377 1518 4438 arsamis

223 4467 371 4530 salmasius
392 4465 494 4518 bienna
518 4479 577 4517 nae.
613 4466 660 4529 Dm
683 4467 739 4529 aab
761 4462 793 4527 ab
812 4464 895 4528 [aldim
914 4462 1117 4515 aumatibmiaii
1135 4461 1186 4524 alio
1205 4459 1237 4521 ab
1255 4461 1331 4522 [sinet
1350 4460 1449 4522 barben
1469 4467 1517 4512 aab

223 4549 449 4613 luminanda,
468 4552 522 4603 bau
539 4552 641 4613 sabaal)
659 4564 708 4603 san
727 4553 780 4609 teob
798 4550 890 4607 ltatb'¹.
914 4545 998 4600 binio.
1012 4547 1133 4610 llbiomm
1152 4562 1215 4611 pag.
1231 4560 1249 4598 t.
1305 4542 1354 4575 “¹³¹
1373 4545 1514 4608 Carpathii

224 4640 278 4686 t.2.
347 4632 369 4665 ²¹
389 4632 501 4700 explan]
521 4633 621 4697 Ευίοιι.
679 4633 702 4665 ³³
719 4636 817 4683 Astute
837 4633 935 4682 Gallae
954 4632 1105 4681 Germanas
1124 4637 1221 4680 contra
1240 4632 1361 4681 Venetos
1380 4629 1514 4679 stisnulat.

221 4718 244 4751 ³⁸
263 4720 399 4770 minimos:
419 4735 452 4769 uo
470 4721 625 4785 hystrioncs
642 4724 851 4784 representatus
870 4722 925 4770 t.2.
