3294 5408
516 399 639 436 HVTTEM
653 399 682 434 Ill
696 399 811 434 nomos
824 399 1010 442 QVEBBLABV!
1023 401 1107 436 nrm
1120 401 1272 438 SECVNDVS·

452 555 495 614 dn
517 572 585 633 spes
608 561 652 615 est
673 554 713 615 illi
735 557 764 615 in
787 562 846 616 tem
869 558 951 618 lustru
972 557 1126 618 cnmmeda
1149 558 1262 617 causae?

535 658 652 734 Proque
674 675 728 719 sue
751 660 908 735 quiequam
929 660 1008 719 lerre
1030 658 1131 719 lubere
1153 660 1252 737 cupit?

451 758 516 820 Nun
530 761 625 819 merui
640 762 810 838 quicquam.
827 779 923 839 neque
935 763 990 822 lam
1002 762 1074 822 dare
1085 779 1207 822 munere
1219 780 1354 840 pessum:
1395 760 1534 847 lffissfi'ffi‘

401 879 427 920 n
534 862 659 923 iusticiae
682 859 777 922 solum
799 862 894 939 diligit
915 862 963 924 ille
986 864 1091 938 decus,

450 963 545 1041 Atque
568 965 656 1040 igitur
677 965 787 1025 misero
808 965 845 1024 sn
864 954 1031 1026 defensator
1054 967 1164 1033 amieo,

534 1065 606 1126 Tam
628 1073 716 1145 turpe
737 1067 877 1127 intactum
900 1086 938 1126 nn
960 1068 1090 1128 rideatur
1113 1086 1203 1145 epus,

450 1168 528 1228 Neve
549 1186 617 1228 snas
639 1169 747 1228 lrustra
770 1171 888 1228 tentarit
909 1168 1028 1229 Lessins
1049 1171 1123 1235 ires,

398 1288 423 1328 nr
532 1269 656 1330 lustielrn
677 1269 751 1330 laxis
772 1273 940 1348 expedimus
963 1273 1055 1350 equis.

450 1371 513 1433 lleu
535 1372 622 1440 milri,
647 1390 734 1450 qnam
757 1374 859 1439 timeo,
883 1391 920 1431 ne
942 1372 1058 1432 tnndem
1082 1373 1187 1433 cedere
1208 1392 1314 1451 eugnr,

533 1476 605 1535 llum
628 1493 711 1535 mens
733 1476 890 1535 immensas
911 1475 1047 1553 penderit
1069 1475 1159 1536 bustis
1181 1494 1266 1553 opes,

448 1575 542 1654 Atque
564 1593 619 1654 ege
641 1584 701 1636 tam
723 1575 810 1655 lenge
832 1596 847 1636 a
870 1578 973 1655 patriis
996 1576 1140 1639 discretus
1161 1580 1265 1638 amicis

397 1696 422 1737 ne
531 1679 595 1739 Nun
619 1666 743 1739 hubenm
765 1679 851 1739 dietis
872 1679 968 1738 omnin
991 1679 1189 1757 temporibus,

447 1779 526 1840 Neve
548 1786 632 1858 egent
653 1787 772 1859 sumptu
795 1779 913 1841 tandem
935 1779 1120 1856 Luberingns
1141 1783 1170 1842 in
1193 1780 1260 1851 illn,

530 1882 566 1943 Et
587 1888 675 1960 queat
696 1882 816 1943 llutteni
837 1883 921 1944 trediu
945 1884 1023 1944 lerre
1046 1884 1106 1943 sui!

447 1984 504 2045 Sed
526 1983 610 2045 facile
633 2003 668 2044 ex
691 1990 791 2046 nostru
815 1991 873 2045 tam
895 1984 983 2046 vilem
1004 1985 1093 2046 eorde
1116 2002 1254 2062 paverem

394 2106 420 2147 n
529 2086 640 2148 Suliers
661 2084 811 2165 pollicitis,
835 2086 928 2148 duleis
950 2087 1059 2155 amice,
1081 2087 1153 2147 tuis:

446 2189 565 2268 lamque
588 2188 799 2268 nihildubite,
823 2191 893 2268 quin
915 2196 947 2249 tn
969 2189 1039 2250 satis
1061 2189 1158 2248 emnia
1181 2189 1289 2266 possim

531 2291 567 2351 Et
587 2299 687 2371 petes,
712 2298 740 2351 et
761 2292 853 2369 partis
874 2300 903 2352 te
925 2292 1010 2353 decet
1032 2309 1096 2351 esse
1118 2308 1200 2355 meae.

758 2514 914 2589 [Eleqiu
941 2514 1006 2588 Χ.]

670 2631 719 2682 m)
736 2630 877 2681 POETAS
896 2630 1100 2683 GERMANOS.

444 2750 576 2819 Grande,
600 2750 713 2830 Elegia,
737 2753 859 2819 iterum,
883 2769 938 2812 nec
961 2769 1036 2813 nnus
1057 2749 1177 2828 vulgare
1198 2749 1326 2812 subibis:

528 2854 651 2932 Semper
673 2854 772 2917 habes·
787 2863 836 2915 tua
859 2855 937 2933 qued
961 2872 1047 2919 crura
1071 2855 1172 2930 fatiget
1193 2855 1264 2922 iter;

443 2955 487 3018 Tu
509 2962 607 3017 tamen
630 2957 674 3018 ire
696 2974 782 3035 pura,
807 2964 835 3018 et
857 2958 966 3017 nostris
989 2956 1027 3016 nil
1051 2955 1172 3016 detrahe
1194 2956 1295 3015 iussis:
1382 3017 1387 3027 ‚

405 3079 417 3120 4
524 3058 587 3119 Hor
609 3058 681 3119 mibi
703 3076 762 3119 non
784 3058 848 3119 vilis
870 3077 993 3120 rnnnere
1015 3059 1109 3135 surgit
1131 3058 1243 3126 bonor:

442 3161 555 3224 babere
576 3180 632 3242 per
653 3169 730 3240 tetes
753 3162 908 3222 enmmissu
931 3160 1079 3222 'l'eutenas
1101 3158 1174 3219 orbe

524 3264 562 3326 Et
582 3264 684 3342 patriae
706 3270 808 3342 gentes
830 3281 959 3340 miraque
982 3261 1057 3323 culta
1082 3279 1171 3331 meze,
1203 3298 1208 3309 ·

441 3367 506 3429 Non
523 3366 601 3446 quud
618 3366 658 3427 ibi
674 3384 788 3427 merces
803 3365 913 3426 lulium
930 3365 982 3425 tibi
998 3371 1138 3443 congerat
1153 3382 1272 3431 nurum,

402 3490 414 3529 n
523 3470 579 3530 dut
601 3468 665 3530 leea
689 3469 766 3548 quud
790 3468 886 3529 rideas
909 3469 1024 3546 cognite
1048 3484 1125 3545 saepe
1147 3467 1245 3545 prim,

441 3572 499 3632 Sed
521 3579 588 3650 pete
610 3574 772 3635 Germanus
794 3589 830 3631 en
852 3570 955 3629 ordine
978 3587 1126 3650 quemque
1146 3575 1261 3647 poetes,
1314 3563 1518 3646 lffiffiffi

524 3674 620 3735 Patria
643 3672 688 3735 rel
711 3690 785 3752 quus
808 3671 863 3733 bec
886 3673 1003 3732 numine
1025 3678 1103 3733 terra
1127 3669 1210 3731 colit:

440 3777 478 3838 Ut
499 3795 645 3857 quemque
667 3777 812 3845 invenies,
836 3793 890 3855 pro
914 3774 1085 3835 condicione
1108 3771 1217 3840 saluta:

389 3900 414 3940 n
522 3878 587 3940 Non
610 3878 785 3940 referendus
808 3878 864 3938 erit
885 3875 1022 3937 omnibus
1043 3893 1120 3936 unus
1142 3875 1253 3935 honor:

304 4166 326 4200 ²⁵
344 4168 407 4233 iulis
425 4172 448 4219 1.
512 4164 534 4200 ²⁸
553 4166 700 4233 quidquem
718 4171 778 4218 2.3.
842 4165 864 4199 ²⁷
883 4155 1028 4232 quidquam
1047 4168 1104 4216 m.
1131 4176 1260 4216 muttttu
1280 4167 1302 4212 1.
1356 4159 1521 4216 ²⁸Iustitiae

236 4254 297 4303 Μ.
349 4252 374 4286 ³¹
392 4254 520 4304 Iustitiae
538 4257 564 4303 2.
573 4255 598 4302 3.
652 4252 790 4316 enuntiatur
808 4254 831 4301 1.
851 4250 1021 4317 exspatiatus
1039 4253 1099 4299 2.3.
1152 4247 1175 4281 ³³
1192 4255 1282 4301 tumere
1300 4252 1324 4299 1.
1378 4247 1401 4283 ⁸⁸
1420 4251 1483 4304 lain
1498 4253 1521 4299 1.

303 4338 341 4389 Ut
359 4338 472 4389 Hutteni
490 4339 570 4389 Musa
589 4354 637 4403 per
650 4340 827 4388 Germaniam
845 4343 987 4403 poetarum
1005 4334 1210 4385 suluturrdorum
1229 4349 1316 4384 ennea
1333 4335 1454 4386 mittitur
1470 4335 1521 4394 hic,

236 4423 276 4472 itu
293 4424 364 4489 Epp.
378 4422 478 4476 Obsce.
493 4425 564 4475 Vir-r.
578 4424 614 4474 11.
627 4422 652 4473 b.
671 4424 807 4489 Magister
819 4421 976 4473 Selrluurull'
993 4422 1051 4486 ‘per
1069 4425 1154 4471 tetum
1173 4418 1327 4469 Alrnuniam
1345 4421 1522 4485 superiorem*

236 4507 291 4557 iter
308 4508 392 4570 lucit,
410 4517 441 4560 ut
458 4515 600 4576 peteretur
618 4507 770 4573 ‘poetarum
788 4513 817 4558 et
834 4508 991 4557 inrintermn
1014 4503 1118 4557 vexas’.
1154 4506 1217 4570 lpse
1236 4504 1389 4567 flutteuur,
1412 4507 1473 4557 sive
1490 4505 1521 4554 de

236 4592 372 4643 industria
394 4595 453 4645 nine
477 4609 556 4657 enen,
588 4594 660 4644 hane
684 4593 803 4659 elegiam
826 4593 861 4642 ud
884 4606 996 4642 carmen
1019 4589 1175 4640 rithmieule
1199 4588 1368 4641 Schluursffr
1399 4591 1520 4642 detersit.

234 4676 245 4707 ⁹
262 4690 354 4742 quenqt
373 4681 396 4728 1.
454 4678 476 4712 ¹⁰
492 4681 585 4729 Patria
602 4680 657 4730 leue
674 4696 724 4729 nun
740 4682 796 4728 urla
808 4678 955 4728 Fruneenia
971 4677 1020 4726 sed
1031 4677 1166 4741 Ger-manin
1183 4677 1262 4727 omnir
1278 4681 1326 4725 erl.
1344 4692 1438 4741 parm
1453 4680 1520 4726 rede

236 4762 422 4828 interpretabar
433 4767 459 4815 2.
513 4762 531 4797 ¹¹
552 4764 709 4816 conditione
727 4766 753 4814 2.
762 4766 787 4814 3.
