3294 5408
168 365 241 439 394
346 397 468 434 EV'I'THI
482 399 511 434 tlt
524 399 723 436 uxcnrrtortmt
736 400 921 437 HOGVlt'l’lltss
934 401 1055 439 aunum
1069 402 1297 442 PANBGYBIGVB·

369 552 546 633 Elleetisque
569 556 665 615 noris!
689 555 734 616 'lu
757 558 807 634 qui
831 555 972 633 preclara
996 564 1116 618 tucrum
1373 560 1483 643 :m-

369 655 457 715 Facta
479 655 553 733 legis
575 675 641 734 qnze
664 663 691 717 te
715 666 867 726 maneant,
890 658 1047 730 elllrertlre,
1070 667 1262 740 sequentem

369 756 462 817 'larda
485 756 633 837 exempla,
656 760 751 819 vides:
775 776 848 836 urge
871 768 900 821 et
922 763 1041 839 vestigia
1063 761 1199 840 prende,

309 871 357 920 ¹⁰9⁰
373 858 433 919 Nec
455 860 518 920 sine
540 865 569 919 te
592 861 681 928 vlnci;
713 860 764 921 sed
788 879 847 921 non
870 863 958 931 sinis,
982 870 1013 924 et
1035 868 1084 924 tua
1106 871 1193 928 certe

367 960 428 1020 lam
450 962 545 1022 maior
568 968 596 1022 te
620 962 694 1023 lama
718 964 795 1040 viget
816 965 997 1042 propriaque
1019 965 1187 1045 superbum

368 1060 467 1122 Vicisti
489 1064 594 1124 virtute
617 1080 711 1140 genus
734 1065 876 1144 lactisque
899 1072 1044 1127 vetustum
1363 1068 1481 1151 lm·

369 1164 497 1225 Stemma
521 1165 603 1225 novis
626 1172 669 1234 et,
693 1184 781 1243 quam
804 1168 935 1244 coepisti,
959 1169 1078 1229 uomina
1100 1171 1185 1247 genti

368 1265 488 1327 [lonasti
509 1264 631 1326 meliora
654 1275 726 1326 ture:
751 1275 778 1328 te
802 1268 931 1328 llarclria
956 1270 1044 1330 iactet

308 1382 359 1424 ross
373 1366 556 1447 Miraturque
578 1386 661 1428 suam
684 1369 868 1430 revirescens
891 1370 1014 1430 Francia
1037 1370 1171 1450 prolem,

369 1468 494 1531 Numine
516 1471 650 1549 propicio
673 1478 702 1532 et
724 1470 844 1531 desueta
867 1471 1029 1532 serentibus
1051 1475 1139 1535 astris

369 1572 457 1632 Facta
480 1572 525 1631 sui
547 1570 656 1631 similis.
680 1571 745 1643 Quo
768 1581 868 1650 verget
890 1573 1027 1635 cuntibus
1050 1577 1149 1645 annis,

369 1673 465 1734 Aurea
488 1672 659 1751 progenies,
683 1672 824 1752 splendor
847 1682 915 1735 tuus
938 1682 967 1736 et
988 1683 1038 1736 tua
1061 1678 1166 1738 virtus!

368 1775 482 1847 Quanto
506 1774 625 1854 parabis
648 1774 759 1843 adlruc,
783 1777 840 1836 iam
864 1777 960 1856 primo
982 1777 1057 1839 ilore
1079 1779 1211 1841 iuventae

306 1890 356 1931 roae
371 1876 516 1956 Egregios
538 1894 720 1955 praegressus
742 1896 825 1949 avos,
850 1878 1019 1942 dubitabilis
1042 1888 1111 1941 retas

370 1978 407 2039 Ut
430 1986 477 2038 tua
501 1980 552 2039 sit!
575 1977 733 2057 Nunquam
756 1981 866 2041 maiora
890 1981 920 2040 in
943 1980 1047 2060 gaudia
1069 1981 1196 2043 Rhenus

367 2079 441 2141 Rem
466 2081 579 2142 venisse
600 2099 683 2141 suam
707 2083 841 2142 meminit
863 2100 951 2161 qoam
973 2090 1003 2145 te
1025 2083 1101 2146 urbe
1122 2092 1256 2164 recepto

368 2182 562 2262 imperiisque
585 2183 660 2250 suis,
684 2190 773 2262 atque
795 2182 851 2243 lrac
874 2185 903 2244 in
927 2193 1006 2246 veste
1028 2185 1194 2267 superbus2

368 2283 470 2363 Siquid
494 2302 564 2362 eges
586 2285 718 2353 monitis,
742 2285 836 2361 rigido
859 2286 922 2346 haec
943 2289 1122 2366 pronunciat
1144 2305 1217 2350 ore:

307 2399 357 2440 roos
372 2386 482 2447 ‘Macte
504 2386 556 2446 ista
572 2387 684 2464 specie,
708 2387 846 2465 princeps
863 2407 962 2458 mene,
986 2390 1103 2468 lrocque
1119 2390 1242 2463 lavore,
1301 2391 1448 2472 Q&
1460 2393 1481 2428 ‘¹

367 2486 447 2557 ‘Ona
469 2486 580 2564 fulges,
605 2487 705 2567 quite
728 2490 847 2566 recipit!
869 2492 981 2551 servire
1004 2498 1146 2568 negantes

368 2589 459 2649 ‘Ante
483 2588 535 2649 tibi
558 2587 660 2668 populi
681 2589 811 2651 subeunt
833 2591 1020 2670 gaudentque
1044 2593 1135 2653 videri

366 2690 521 2769 ‘Principe
544 2698 573 2751 te
596 2690 712 2761 lamuli,
736 2693 847 2771 quique
870 2692 1029 2754 ambitione
1052 2702 1191 2772 receptos

367 2793 566 2871 ‘Sprererunt
587 2811 705 2872 semper
729 2792 877 2863 dominos,
900 2796 1038 2875 sutfragia
1060 2797 1181 2857 mittunt

305 2907 355 2949 noo
370 2894 608 2974 ‘Accersuutque
631 2894 718 2955 ultro.
743 2897 808 2975 quis
831 2914 926 2968 nunc,
950 2897 1160 2977 pulcherrime,
1182 2899 1292 2961 tardat

368 2993 493 3065 ‘Quisve
515 2997 612 3076 pudor
634 3014 738 3075 gressu
760 2999 947 3059 remoratur?
969 3017 1023 3077 age
1045 3000 1146 3078 accipe
1168 3002 1248 3063 votis
1322 3016 1328 3025 '

367 3097 449 3158 ‘Non
472 3097 580 3159 ambite
604 3101 678 3167 tuis,
701 3099 753 3160 sed
776 3109 876 3160 nostra
899 3100 1016 3179 prodita
1039 3102 1125 3162 nutu!

367 3199 427 3260 ‘Dii
450 3199 503 3260 tibi
526 3201 637 3262 loelices
659 3202 776 3270 aditus,
799 3200 903 3262 loelicia
927 3202 1037 3263 donent

368 3300 530 3380 ‘Tempora
546 3321 745 3382 successuque
761 3304 874 3371 iuvent,
899 3322 973 3383 quos
995 3313 1086 3383 tuque
1101 3305 1229 3365 mereris

307 3415 356 3457 nn
372 3402 464 3464 ‘Dent
478 3422 586 3474 annos,
603 3413 780 3485 serventque
795 3407 942 3474 animum,
959 3424 1061 3485 quem,
1077 3424 1144 3466 cum
1161 3415 1233 3469 ante
1250 3408 1432 3487 dedissent,

369 3505 528 3568 ‘Viderunt
550 3525 608 3586 qua
631 3506 717 3584 lruge
739 3508 829 3569 toret!
853 3514 883 3567 tu
907 3509 1030 3585 iungere
1053 3508 1197 3570 honorem

367 3609 477 3680 ‘Quem
500 3608 553 3678 dii,
577 3628 665 3689 quem
689 3610 807 3670 fortuna
830 3610 923 3680 lavet,
947 3610 1131 3688 memorique
1152 3613 1294 3677 reconde

366 3709 508 3771 ‘Pectore
530 3730 589 3791 quo
611 3712 723 3780 veniae,
748 3729 820 3772 nere
842 3710 900 3772 ulla
923 3710 1045 3773 oblimet
1066 3713 1170 3774 inertis

367 3812 536 3891 ‘Segnicies
558 3812 658 3874 luxus!
683 3813 734 3874 tibi
758 3832 836 3873 nnnc
859 3833 875 3872 a
899 3813 1014 3875 Caesare
1037 3813 1132 3891 primo
1262 3816 1484 3914 lwgffu

306 3927 356 3968 nro
371 3912 506 3974 ‘Tradita
530 3932 704 3993 magnarum
729 3916 857 3975 curanda
882 3917 1004 3993 negocia
1027 3933 1137 3976 rerum.

368 4015 445 4077 ‘Nec
467 4016 519 4078 tibi
542 4018 695 4079 loemineos
717 4016 842 4096 populos
864 4016 970 4078 luxuve
992 4019 1114 4096 supinos
1345 4026 1486 4108 pm?

164 4223 365 4232 ——-—..

233 4321 277 4356 ¹⁰⁸³
296 4322 397 4388 cepisti
412 4326 501 4372 3.5.6.
539 4321 582 4354 ¹⁰⁸²
600 4324 642 4372 sui
660 4319 732 4387 sim]
753 4338 813 4387 quae
833 4327 917 4372 antea
935 4322 1164 4387 degeneraverat.
1202 4320 1252 4356 ’Μ
1271 4332 1330 4393 qui
1352 4334 1397 4386 ita
1416 4354 1483 4402 pm.

163 4424 274 4475 gressus
293 4423 359 4458 nvos
378 4422 420 4470 es,
445 4413 475 4456 ut
497 4423 550 4457 non
575 4406 740 4457 adulescens
763 4407 812 4458 sed
830 4421 919 4456 rerum
938 4412 1079 4471 gestarum
1097 4407 1186 4472 glorie
1204 4410 1398 4471 confirmae„
1418 4429 1483 4472 ει..

163 4495 261 4544 tisvir
279 4491 485 4543 habendensis.
550 4490 593 4524 ¹⁰⁹²
611 4489 688 4556 urbe]
707 4493 860 4557 Mognntin.
924 4498 1046 4558 reeoepto
1065 4496 1088 4543 t.
1153 4489 1197 4524 ¹⁰⁰⁸
1215 4496 1316 4565 veste]
1339 4504 1426 4568 pana
1443 4522 1482 4557 η.

164 4594 223 4629 rum
241 4578 467 4628 Germanicarum
486 4577 600 4642 picturis
620 4582 762 4626 exornate.
827 4574 872 4609 ¹⁰⁸⁴
889 4578 1050 4641 pronuntiet
1068 4581 1091 4627 o.
1156 4574 1201 4609 ¹⁰⁹⁵
1220 4579 1240 4629 ἰ.
1256 4596 1284 4631 e.
1300 4590 1412 4665 specio
1431 4606 1481 4657 qm

165 4663 270 4728 fulges,
298 4663 395 4713 levore
414 4664 461 4728 qui
484 4668 512 4711 te
531 4663 641 4727 recipit.
678 4667 743 4711 ento
767 4663 872 4712 servire
891 4678 953 4728 neg.
973 4677 1035 4727 pop.
1054 4662 1115 4712 tibi.
1185 4660 1232 4696 ’ΨΒ
1251 4676 1410 4738 τοοωρω,
1428 4678 1480 4726 m,

166 4745 210 4781 ¹¹⁰⁸
228 4763 255 4796 n.
268 4746 345 4811 prod.
357 4742 437 4812 nutu]
459 4750 556 4811 sponte
574 4746 701 4811 bonoque
721 4747 813 4796 animo
832 4746 937 4799 oblstn.
990 4745 1035 4779 ¹¹¹⁰
1053 4747 1090 4797 ef.
1102 4761 1129 4797 r.
1142 4744 1202 4797 teu.
