3294 5408
430 408 594 444 averterunt
608 407 722 443 uosstos
736 408 923 452 Qt'aatettavrt
936 410 1021 447 mnan
1034 410 1186 448 SECVNDVS·

367 563 451 624 lluac
473 563 541 624 olim
565 563 652 625 nohis
673 564 747 626 fines
769 565 961 644 pereuntibus
977 565 1098 627 hosdem

451 665 484 726 ln
506 667 609 753 studiis
630 668 742 728 socium
764 666 858 728 Palles
880 670 972 729 aurien
996 668 1091 737 dedit;

366 769 430 831 Una
452 770 534 848 quies
555 787 690 847 unusque
712 768 810 840 labor,
834 771 998 831 communis
1019 772 1135 850 utrique

317 890 354 931 riu
449 860 510 932 Vita
533 873 601 932 suit:
626 879 738 933 tantum
761 871 884 933 contulit
904 871 953 934 ille
975 872 1061 934 mihi:

368 974 511 1035 Disiunxit
534 974 651 1035 tandem
672 976 772 1052 spacio
794 975 912 1035 fortune
934 974 1082 1046 locorum,

451 1075 516 1137 Heu
538 1083 678 1155 quantum
700 1077 802 1137 studiis
824 1077 963 1138 invidiosa
985 1079 1073 1138 meis:

368 1178 452 1251 Quod
475 1180 569 1255 potuit
591 1179 672 1249 iecit,
696 1178 746 1238 scd
769 1179 827 1238 [ido
851 1197 904 1257 ego
928 1180 1017 1240 corde
1041 1180 1146 1241 tenebo

316 1302 354 1341 eoo
451 1280 536 1340 lluue
557 1281 692 1341 iuvenem
715 1287 744 1342 et
767 1299 833 1341 vem
857 1281 961 1360 dignor
984 1284 1131 1343 amicicia:

368 1383 434 1463 lpse
456 1401 541 1442 suoru
566 1383 602 1443 ad
625 1382 726 1445 dulces
749 1403 867 1444 carruca
891 1402 1069 1463 componere
1093 1404 1201 1446 neruos

452 1484 551 1555 Novit,
575 1493 604 1546 et
626 1495 730 1574 argute
753 1485 877 1546 dulciter
899 1504 951 1546 ore
973 1488 1059 1546 currit.

367 1587 509 1648 Fluminis
531 1587 567 1648 ad
589 1589 668 1666 ripas
690 1589 841 1667 vicinaque
863 1589 967 1648 rrimuia
990 1587 1063 1649 Reui

317 1710 355 1753 mr
450 1689 549 1750 'lrrrba
573 1692 650 1751 venit
672 1692 758 1751 iussis
781 1690 884 1750 crebra
908 1691 1041 1751 adeunda
1064 1692 1134 1751 tuis:

368 1792 471 1871 blegua
494 1792 729 1853 Gcrcsmuudum
752 1800 848 1854 serua
869 1793 1017 1871 bloguntia
1040 1801 1212 1872 utrumque,
1333 1789 1452 1871 lm

452 1893 579 1973 Legibus
600 1894 707 1956 aonias
729 1896 822 1974 iungit
843 1901 967 1975 uterque
990 1895 1068 1957 deas.

168 2052 367 2062 -.--..-

167 2153 277 2187 uxorem
290 2136 318 2185 in
330 2134 532 2185 matrimonium
550 2131 680 2199 duxissa]
709 2132 770 2182 “Ex
788 2133 838 2184 illa
856 2150 948 2199 pauco
966 2135 1016 2197 (lo.
1029 2134 1090 2185 alb.
1105 2134 1252 2184 Fabricius
1271 2132 1378 2200 pergit)
1396 2132 1454 2183 haec

169 2238 229 2288 quae
248 2220 341 2271 studio
364 2219 423 2269 eius
447 2223 576 2284 spectant
599 2234 758 2285 excerpam:
786 2220 839 2270 Nec
856 2222 923 2270 inter
940 2226 977 2270 tot
995 2226 1129 2286 tantamque
1146 2235 1222 2270 cieras
1240 2226 1265 2269 et
1283 2221 1453 2285 aequaretur·-

168 2323 221 2359 mar
232 2308 410 2371 occupationes
427 2321 534 2370 alequam
551 2311 633 2353 teruren
651 2305 702 2354 aiei
719 2305 819 2371 quando
838 2306 953 2355 ualetudo
969 2306 1129 2370 prohibebat,
1146 2306 1232 2355 studia
1244 2306 1395 2354 intermisit:
1412 2305 1456 2353 red

167 2395 219 2442 riae
236 2393 304 2441 domi
320 2396 417 2455 aperct,
437 2390 488 2439 eice
504 2390 571 2451 serta
588 2393 807 2455 pereqrinarctur,
825 2390 961 2452 rcribebat,
981 2391 1160 2456 meditabatur,
1178 2389 1345 2455 componebat
1363 2391 1456 2455 aliquid
1488 2392 1493 2404 '

167 2479 259 2528 litterir
275 2477 443 2541 litteraliaquc
461 2475 563 2524 auribus
581 2477 687 2538 aliquam.
728 2477 789 2525 Vidi
805 2477 918 2541 equidem
936 2493 994 2541 qua·
1011 2493 1025 2526 c
1045 2478 1142 2526 maere
1159 2474 1274 2526 uertebat
1291 2491 1343 2525 non
1360 2476 1454 2533 inscite,

167 2561 268 2612 indebat
287 2563 437 2627 quandoque
454 2563 573 2617 carmine,
591 2575 727 2625 versarique
744 2560 871 2610 rcribebat
888 2577 924 2610 ec
941 2568 1055 2625 tearpore
1074 2577 1135 2627 quoe
1153 2562 1188 2610 ad
1204 2561 1293 2610 chelim
1310 2559 1453 2618 resonabat,

167 2662 226 2698 uoce
244 2661 365 2711 manrique
382 2646 592 2709 immemoratus,
617 2646 642 2693 in
665 2644 775 2694 carnibus
792 2646 831 2694 bic
848 2648 972 2696 modestia
993 2649 1131 2711 riaqulari,
1154 2653 1179 2696 et
1200 2648 1330 2710 praevitate
1349 2651 1453 2695 retenta.

168 2732 309 2799 Elepanter
326 2737 351 2781 ct
365 2731 488 2795 plurimae
504 2746 575 2794 carpe
593 2731 721 2780 eataradat
734 2730 873 2794 Epirtolau,
893 2735 929 2780 ita
947 2738 972 2779 at
991 2734 1028 2781 ad
1039 2732 1116 2781 Plinii
1132 2730 1243 2781 Secundi
1257 2731 1410 2794 pravitatem
1427 2744 1455 2776 ac

168 2802 307 2867 dictionem¹
320 2832 391 2882 quam
407 2817 525 2880 proxime
542 2817 672 2865 videretur
690 2817 821 2866 accedere.
841 2843 875 2850 -
887 2844 919 2851 -
933 2845 963 2853 -
983 2818 1052 2868 Addo
1071 2819 1146 2867 etiam
1164 2822 1189 2866 et
1208 2815 1323 2865 Aeutana
1347 2814 1452 2865 celeber·

168 2904 238 2953 rimie
263 2903 424 2952 Venetiaram
448 2902 562 2964 adeoque
585 2904 661 2950 totius
686 2901 771 2951 ltalia.»
792 2903 973 2965 tqpeqrapbir,
1000 2909 1099 2952 celerer
1122 2903 1243 2968 quaedam
1270 2900 1389 2955 Codices,
1413 2914 1454 2947 nec

168 3003 265 3052 parerer
282 2987 379 3053 quidem
397 3002 443 3035 nec
460 2987 622 3036 mediocriter
640 2989 741 3046 docter,
767 3002 870 3050 quarum
893 2989 1002 3050 diliqene
1025 2994 1082 3037 erat
1100 3004 1131 3037 ac
1147 2988 1249 3036 sedeatur
1266 3001 1317 3050 per
1334 2984 1453 3035 diere-erin

174 3072 351 3123 ii·eeereneem
368 3087 403 3121 erc
421 3073 573 3121 auctoritate
591 3078 615 3120 et
634 3073 769 3135 diplomate
789 3072 911 3122 liic-hardi
929 3073 1120 3136 arehiprecuulia
1138 3075 1318 3135 inaertiqater,
1343 3070 1453 3120 arimini·

168 3164 310 3220 terruerat,
330 3156 444 3222 aliosque
463 3158 520 3207 aliie
537 3157 701 3206 accredendor
718 3157 835 3206 derlerat.
878 3156 937 3206 Tum
955 3163 979 3206 et
997 3159 1022 3206 in
1040 3158 1187 3206 ultima'illa
1210 3157 1246 3206 ad
1265 3157 1393 3206 crearem
1411 3154 1453 3204 t'a·

169 3248 246 3294 relnrn
268 3244 299 3296 V.
318 3245 343 3292 in
361 3243 505 3306 Ilirpanias
522 3242 682 3304 prrnfecttane
702 3240 738 3306 [a.
753 3239 871 3307 1519.?].
890 3248 916 3292 tn
934 3259 984 3307 qua
1002 3242 1128 3302 occubuit,
1148 3242 1269 3307 quondam
1285 3257 1370 3291 recum
1387 3246 1453 3289 ectu·

168 3330 235 3391 lirae,
255 3335 297 3377 ant
315 3329 411 3393 alioqui
426 3326 539 3376 reblam
557 3342 612 3375 erre
629 3328 762 3376 eerimnrile
781 3332 826 3389 cst,
847 3344 909 3393 (μνον
927 3332 975 3377 iam
990 3327 1093 3390 srurtra
1111 3344 1124 3377 e
1141 3343 1186 3376 aare
1204 3326 1378 3391 cbiropraptta
1395 3326 1454 3374 deri·

169 3416 293 3469 deramur,
312 3419 339 3462 ret
350 3418 408 3462 errat
426 3413 493 3460 inter
510 3417 608 3460 caetera
625 3413 674 3461 dure
692 3412 752 3461 libri
768 3413 919 3461 Tertulliani
935 3413 966 3461 de
984 3414 1143 3476 rpeetaeulir.
1164 3412 1394 3462 Cdeclamatianee
1411 3410 1455 3459 Fa-

169 3499 205 3548 dit
221 3497 368 3559 Quintiliani
385 3504 410 3547 et
428 3499 540 3545 nonnulli
556 3498 612 3555 atii,
632 3501 676 3562 qui
692 3499 758 3546 illiue
776 3513 867 3547 occaru
887 3499 1046 3562 naufraqium
1064 3503 1089 3546 et
1108 3498 1158 3560 tpai
1172 3498 1245 3560 paeri
1261 3503 1337 3545 rant:
1360 3512 1397 3545 rx
1413 3511 1457 3561 qao

169 3599 214 3634 cen
231 3584 347 3648 reliquiar
364 3583 491 3631 reservati
505 3588 580 3631 erant
599 3597 661 3647 quoe
678 3587 726 3630 tam
749 3589 826 3631 antea
848 3584 1016 3648 tqpapraplrir
1039 3583 1279 3637 communicavimus,
1304 3581 1460 3633 ,umrotuc

171 3668 280 3718 (itiones
297 3669 355 3728 due,
375 3668 545 3727 Athanasius,
567 3668 675 3730 quillur
694 3668 784 3716 (iimcc
801 3670 894 3732 scripti
912 3668 1025 3718 Codices.
1064 3667 1152 3732 b'cque
1174 3669 1237 3715 enim
1259 3669 1312 3717 tale
1331 3668 1461 3733 quicquan

170 3755 238 3820 quad
248 3754 348 3802 aiirmde
360 3753 402 3801 ilie
420 3755 455 3802 ad
468 3752 593 3816 publicum
611 3768 679 3801 urmn
697 3754 874 3817 acquisiverat,
895 3752 972 3807 trebir,
995 3756 1045 3801 etri
1060 3754 1115 3801 irae
1131 3766 1269 3816 parcemus,
1285 3754 1407 3816 priuatim
1418 3768 1464 3799 νννι-

129 3850 137 3869 ·
169 3856 242 3905 quam
254 3838 433 3888 aeternandum
446 3838 576 3899 detritam,
596 3839 644 3886 red
659 3838 685 3886 in
702 3854 827 3887 reclamare
845 3839 1095 3888 ornnibrre·cturiioeie
1113 3837 1256 3887 liberaliter
1272 3838 1350 3886 ννίνννννν
1369 3844 1408 3885 cst
1420 3838 1467 3884 inr-

168 3921 291 3989 partiri’.
328 3924 370 3972 lix
387 3922 431 3972 his
450 3923 523 3972 iuter
542 3920 599 3972 alia
618 3920 712 3988 colligi
732 3938 812 3988 posse
831 3924 940 3972 videtur
957 3923 1117 3991 Fabricium
1135 3922 1207 3972 inter
1218 3923 1297 3972 Petri
1316 3918 1480 3972 Mosellnui

169 4024 276 4075 qrreque
296 4008 398 4058 amicos
416 4008 517 4081 suinae,
538 4024 554 4057 a
573 4022 625 4072 quo
644 4012 736 4058 tameu
755 4009 900 4058 memorari
919 4024 960 4057 me
980 4009 1073 4071 legere
1092 4022 1164 4057 nune
1183 4022 1237 4057 non
1256 4007 1378 4056 memini.

238 4092 271 4126 ¹⁹⁷
289 4094 379 4159 spatio
398 4097 422 4143 2.
431 4096 457 4142 3.
513 4089 545 4122 ¹⁹⁹
566 4093 669 4154 :farcit
690 4096 713 4141 1.
766 4092 801 4125 ²⁰⁰
820 4094 946 4143 amicitia
964 4096 1023 4142 23.
1076 4090 1110 4124 ²⁰³
1128 4093 1210 4146 ttttttia
1223 4093 1247 4141 1.
1300 4091 1392 4141 Rheni
1406 4095 1496 4142 Μ’

169 4179 292 4230 Nondum
307 4177 538 4228 liechenfelderus
556 4177 770 4228 Bodobriceueie
788 4184 877 4243 poetae
896 4177 1058 4228 erilutondus
1076 4184 1145 4240 eret,
1165 4191 1245 4241 quom
1264 4178 1395 4242 quamvia
1412 4184 1500 4226 nor!

105 4320 109 4325 ,
169 4269 279 4331 poetam
292 4264 427 4315 decennio
441 4268 501 4328 post
513 4263 640 4313 salutare
653 4264 789 4314 iussisset.
810 4264 846 4314 ef.
860 4262 911 4314 vel.
926 4262 1046 4329 upum.
1081 4261 1115 4294 ²⁰⁵
1132 4262 1201 4312 Trea
1214 4261 1419 4312 Greeemundoe
1431 4261 1500 4310 dez

170 4348 475 4400 MeschedeWeotinloe
489 4365 521 4397 ex
532 4348 685 4398 Trithemio
698 4349 830 4410 noviacus,
844 4348 911 4397 dues
924 4349 1048 4397 seniores
1061 4347 1162 4397 fratrea
1170 4345 1452 4410 (immoderanter
1486 4362 1500 4371 “

170 4435 261 4501 logum
278 4434 468 4485 Eriurtensem
488 4434 697 4497 (Motschmeun.
718 4434 847 4483 Erfordiu
865 4434 906 4483 lit.
920 4450 945 4499 p.
959 4432 1017 4484 530.
1036 4431 1144 4482 Echard
1163 4431 1263 4482 (leuch.
1277 4431 1328 4481 dee
1339 4432 1475 4482 Wieder

171 4519 257 4569 etribl.
271 4520 296 4569 d.
310 4521 353 4569 W.
367 4521 389 4570 I.
403 4537 429 4586 p.
445 4519 500 4568 tud.
514 4519 567 4584 sq.)
581 4524 609 4569 et
620 4519 819 4569 Theodericum
839 4518 997 4582 (seniorem)
1012 4519 1111 4568 artium
1126 4521 1153 4568 et
1165 4517 1311 4567 medieiuae
1325 4518 1500 4568 declaret!

170 4604 422 4669 Mogontineneem,
447 4605 524 4655 cuiue
540 4619 629 4669 neque
653 4605 765 4670 poetica
787 4619 876 4669 neque
895 4605 929 4654 de
948 4605 1006 4653 iure
1025 4605 1130 4674 scripta
1149 4607 1215 4653 uota
1233 4605 1311 4664 euut3
1329 4601 1463 4667 huiusqu-

171 4688 255 4737 tllium
273 4688 473 4740 Theodericum
491 4687 661 4754 (iuniorem).
698 4691 787 4751 Hauc,
808 4690 896 4755 Spirae
915 4694 1017 4750 natum,
1038 4689 1172 4753 praecoeis
1190 4687 1298 4753 ingenii
1315 4686 1500 4737 hominm?-

171 4772 309 4824 iumntura
327 4781 425 4838 morte,
445 4790 506 4825 eum
523 4775 643 4826 nendum
661 4775 896 4841 quadragenarius
909 4773 1058 4840 Magantia·
1078 4789 1103 4823 a.
1118 4771 1193 4823 1512.
1213 4773 1376 4839 exspiraret,
1396 4757 1500 4837 lec*-

789 5027 797 5055 b
