3294 5408
626 395 759 430 tvnovtcl
773 395 889 431 uestem
905 397 1025 432 vuemo
1040 398 1161 434 LEONW.

453 555 507 612 llle
524 557 612 611 eciem
632 561 715 610 totum
735 557 764 609 in
793 555 907 611 Venetos
927 555 1031 612 diremit
1048 562 1074 611 et
1094 557 1154 612 illoc

401 660 440 702 ou
537 640 686 714 Disqreyot
707 646 731 694 et
751 647 902 711 penetrans
924 643 1035 712 nomina
1057 639 1143 696 dense
1163 649 1248 698 secut.

460 724 573 781 Virtutis
593 739 726 781 memores
743 725 784 778 illi
802 740 989 797 memoresque
1004 725 1101 781 solutis

537 809 690 866 Pulclsrius
711 823 771 865 esse
789 817 891 880 putent
910 812 938 864 in
959 809 1026 880 sera
1047 810 1116 865 bellu
1139 815 1210 868 mori
1215 836 1224 865 .-

451 897 529 969 Eroo
546 897 618 950 inter
637 895 728 949 coedes
747 895 869 965 caudent
888 900 914 948 et
936 895 989 949 tcle
1011 898 1138 967 uirosque

401 1001 439 1041 ooo
539 980 630 1038 Obicio
649 977 847 1051 perfremunt,
870 980 1037 1047 dilacerant,
1061 982 1180 1048 lenient,

451 1065 655 1137 intrepidique,
676 1063 723 1119 uli
736 1064 823 1119 denso
841 1065 929 1119 uident
948 1066 1096 1131 uenabula,
1116 1074 1248 1122 currunt:

508 1178 511 1183 ·
537 1149 614 1206 Dnnt
629 1150 798 1203 alternantes
814 1149 1008 1221 sumptuumque
1028 1165 1126 1210 sicces:

451 1237 616 1308 Puqnmre
637 1232 698 1301 diu,
718 1235 769 1288 scd
788 1248 823 1288 ne
844 1241 1019 1288 morerentur
1035 1235 1130 1303 insuti,

400 1337 438 1379 eu
536 1320 633 1375 Fortia
650 1324 809 1375 straverunt
828 1333 949 1389 corpore
971 1321 1053 1374 multu
1070 1320 1224 1376 leoninum:

456 1408 524 1463 Tun
544 1420 608 1459 uero
627 1403 741 1458 audires
761 1405 832 1459 ictus
848 1403 1030 1475 fremitusque
1045 1405 1203 1460 cadentum:

539 1489 673 1545 Rheticus
696 1488 775 1555 tsine,
797 1489 881 1544 ualles
902 1487 966 1542 lsinc
988 1495 1124 1545 tremuere
1143 1491 1227 1561 Padi,

454 1577 549 1632 Donec
572 1572 645 1629 Cella
662 1573 763 1628 cohors
784 1571 939 1644 Itolnmque
957 1576 1097 1629 exercitus
1118 1578 1205 1630 omnis

400 1677 442 1719 use
547 1657 698 1716 Undnnlem
715 1657 807 1713 loostilt
825 1662 919 1729 strnue
939 1665 1067 1714 cruentat
1086 1660 1216 1721 dunum.-

453 1747 578 1820 Corpora
596 1759 697 1815 monna
719 1743 797 1799 boum
813 1743 895 1799 ueluti
910 1749 1055 1814 prostratu
1070 1745 1191 1813 uideres,

541 1829 663 1901 Totoque
683 1829 788 1883 insolito
804 1835 892 1900 proto
913 1843 1015 1883 cruore
1035 1836 1140 1884 notent.

454 1916 508 1971 Aut
525 1914 602 1984 copti
619 1919 670 1968 out
690 1916 758 1968 cresi
777 1914 917 1968 innumeri
930 1915 1041 1983 periere
1062 1915 1167 1985 leones,

403 2019 441 2059 ooo
541 1997 577 2054 Se
599 1998 671 2054 ‹tedtt
690 1998 791 2069 insumi
810 2006 917 2053 coelern
933 1998 1016 2053 turbe
1037 1998 1123 2071 suque.

457 2082 677 2155 omentorum
699 2091 724 2138 el
745 2084 818 2138 clari
838 2082 963 2140 Coleonr's
984 2085 1011 2138 in
1029 2086 1130 2151 ornem,

540 2168 674 2236 Gaudete,
695 2184 711 2238 o
734 2182 842 2234 merses,
861 2169 978 2240 lmpiycr
996 2169 1068 2223 ultor
1087 2169 1172 2226 ndest.

456 2255 478 2311 0
501 2253 664 2324 deuoueret,
687 2257 713 2307 ct
733 2252 850 2324 Lryures
867 2267 954 2324 super
972 2269 1087 2324 equora
1106 2257 1174 2310 coesi

404 2357 443 2397 ou
543 2336 579 2393 ln
600 2338 674 2392 bellis
702 2336 825 2405 Venetis,
848 2344 936 2393 nester
952 2337 997 2392 tte
1013 2338 1085 2393 ultor
1104 2339 1189 2395 ndest.

457 2423 478 2481 0
499 2438 585 2480 cruce
604 2424 718 2495 steneli,
740 2424 788 2493 qui
806 2429 906 2477 sancte
926 2422 1019 2477 uidere
1040 2425 1191 2496 sepulchro

546 2506 646 2575 Vultis,
668 2512 697 2562 nt
716 2508 745 2562 in
767 2505 894 2579 Solymus
913 2511 968 2561 mm
986 2509 1131 2580 patefacto
1152 2514 1197 2566 oin
1219 2518 1273 2579 est:

454 2595 510 2651 Hic
524 2594 589 2667 {inis
616 2591 712 2648 Veneti
729 2593 852 2663 imperii,
874 2593 1001 2664 cecidere
1020 2595 1135 2665 tyranni

403 2697 441 2737 on
477 2744 479 2749 1
541 2678 698 2754 Innumeri:
719 2692 794 2732 nune
812 2683 853 2732 est
868 2676 955 2732 libera
977 2683 1069 2746 terre,
1091 2695 1185 2747 mure:

454 2765 498 2821 De
519 2772 557 2831 tc,
576 2756 676 2835 meone
694 2762 750 2829 leo,
773 2761 880 2834 Renum
898 2761 965 2818 Rex
986 2765 1125 2819 mouimus
1142 2765 1211 2820 olbis

540 2846 675 2916 Qrccttstor
695 2849 723 2902 iu
742 2848 819 2902 lauri
833 2846 939 2918 [nonde
958 2847 1111 2919 triumphat
1130 2852 1215 2921 equis.

455 2934 514 2990 Nee
530 2947 595 2991 uero
615 2938 658 3000 te,
680 2937 776 2987 sancte
793 2938 891 3003 peter,
915 2939 955 2998 le,
978 2935 1100 2988 nomme
1119 2933 1189 3000 Iuli,

403 3035 442 3078 ese
541 3019 635 3074 Altero
653 3017 716 3073 belli
735 3017 816 3073 nutus
835 3018 941 3089 clorio,
958 3025 1142 3088 preteream.-

459 3105 500 3162 Tu
519 3104 655 3176 pepulisti
673 3104 760 3157 urnis
789 3100 904 3157 Venetos
924 3116 962 3158 ex
980 3102 1049 3158 urbe
1065 3102 1202 3161 Reuersus

539 3190 628 3262 Atque
647 3188 800 3243 Fauentina
822 3187 1018 3260 Flaminioque
1039 3195 1104 3249 tuo:

458 3274 499 3331 Tu
522 3287 581 3330 rem
603 3272 760 3328 Romanum
778 3275 886 3344 moenis
907 3273 1055 3346 leyionilous
1075 3290 1175 3345 nunes,

404 3378 443 3420 ose
468 3421 472 3427 ‚
543 3357 679 3431 Clnoiyert'
694 3360 793 3415 attollis
814 3358 924 3413 dirruto
941 3359 1040 3429 templu
1058 3358 1150 3417 Petri:
1211 3374 1228 3392 ²
1288 3370 1291 3375 '

252 3512 303 3520 η,
318 3513 454 3520 α-.-

319 3626 353 3661 ²⁰⁸
371 3628 486 3679 dirrexit
504 3632 561 3679 r.2.
604 3627 637 3661 ’⁰⁰
655 3628 753 3679 Obitie
765 3630 821 3678 m.
869 3626 1037 3678 dillacerent
1050 3629 1107 3677 tt.
1158 3626 1191 3659 ²¹²
1210 3627 1361 3694 proltrecte
1375 3631 1399 3678 1.
1445 3627 1479 3661 ²¹⁹
1493 3631 1550 3680 cesi

255 3717 279 3763 1.
330 3711 364 3745 '²¹
383 3711 534 3780 Germia]
557 3713 736 3764 Franciseum
753 3713 905 3763 Bussonem
929 3711 1184 3762 Germaniolensem
1208 3730 1241 3763 ex
1263 3713 1356 3763 intimo
1379 3713 1474 3764 ordine
1499 3730 1547 3764 nn-

253 3803 310 3848 tnm
329 3814 353 3847 e.
369 3795 453 3860 1390„
472 3798 572 3848 deinde
591 3799 712 3865 egregiis
724 3799 781 3848 suis
793 3798 827 3848 de
845 3798 1017 3848 Vieecomite
1034 3797 1236 3848 Mediolanensi
1255 3803 1337 3863 utque
1354 3804 1500 3863 postquam
1519 3801 1548 3849 in

252 3883 334 3934 huius
346 3883 526 3949 suspitionem
539 3883 684 3949 odiumque
698 3882 845 3944 incideret,
864 3883 927 3932 inde
942 3881 977 3932 ab
992 3898 1015 3932 u.
1030 3881 1104 3931 1425.
1119 3882 1152 3933 de
1166 3869 1280 3933 Venetis
1297 3884 1403 3933 meritis
1423 3883 1457 3933 ed
1476 3899 1547 3934 suni-

253 3983 311 4019 moe
329 3967 406 4018 locos
425 3973 551 4019 evectum
565 3968 730 4019 Venetorum
748 3967 802 4018 dux
814 3967 981 4018 Frenclecus
1000 3968 1150 4017 Fuscurius
1167 3972 1230 4032 post
1242 3967 1381 4033 stipendio
1394 3968 1423 4017 in
1435 3969 1547 4034 conplu-

216 4096 219 4101 .
252 4054 329 4104 ribus
346 4052 456 4103 Italicis
480 4054 649 4104 exercitibus
672 4052 771 4104 merite
793 4069 855 4104 cnm
877 4052 1043 4104 decemuiris
1061 4051 1115 4101 iuri
1137 4051 1255 4102 dicundo
1279 4053 1379 4102 misere
1402 4052 1548 4118 deceptum

252 4139 346 4205 cupite
364 4137 490 4204 plectunt
502 4138 527 4188 d.
538 4139 563 4189 5.
576 4138 645 4188 Mnii
658 4154 682 4189 e.
696 4137 769 4190 1432.
783 4166 815 4174 —
827 4136 1046 4189 Bartholomaeus
1058 4136 1207 4188 Coleonius
1218 4137 1369 4203 Bergomns
1381 4137 1548 4188 Venetorum

253 4224 341 4290 copiis
359 4223 523 4289 prefectus,
548 4238 616 4288 qnae
634 4224 748 4290 saepins,
772 4224 857 4274 etism
876 4228 973 4273 contre
990 4221 1143 4273 Mediolani
1160 4222 1256 4272 ducem
1275 4222 1488 4285 vicecomitem,
1513 4223 1549 4273 sd

252 4309 400 4359 victoriam
418 4308 518 4370 duxit,-
529 4308 688 4374 reipublicoe
707 4309 822 4359 Venetae
840 4308 949 4359 relictis
967 4305 1069 4357 216000
1087 4307 1196 4357 ducetis
1215 4306 1336 4358 decessit
1354 4324 1379 4357 u.
1396 4306 1482 4371 1457„
1501 4324 1549 4358 ve·

252 4408 324 4445 neno
343 4394 495 4455 extinctus,
515 4398 545 4442 ut
563 4393 699 4444 Helinnns
718 4400 787 4444 oret.
800 4395 824 4456 ξ.
841 4392 880 4443 12.
895 4395 989 4460 (supro
1007 4410 1033 4459 p.
1049 4391 1117 4456 171.)
1137 4391 1251 4443 rettulit.
1272 4392 1315 4443 cf.
1329 4394 1368 4442 Le
1381 4393 1456 4445 Bret.
1470 4394 1507 4444 II.
1522 4394 1547 4442 2.

253 4480 277 4539 ὕ.
290 4476 349 4531 837.
369 4479 433 4545 Ipso
451 4478 560 4529 homine
578 4495 633 4530 non
652 4479 820 4530 incelebrior
838 4484 881 4529 est
899 4485 993 4529 statue
1012 4477 1148 4544 equestris
1167 4477 1345 4528 inhonorem
1369 4478 1428 4528 eius
1447 4480 1548 4543 positu.

253 4560 287 4594 ²⁸¹
304 4563 415 4613 Dumna
433 4563 493 4614 haec
505 4563 605 4615 Veneti
624 4567 700 4630 pessi
717 4569 782 4614 sunt
799 4565 892 4615 omniu
911 4580 936 4614 e.
953 4562 1025 4613 1500.
1090 4560 1123 4593 '⁸⁴
1142 4561 1362 4628 Flamminisque
1377 4567 1400 4613 l.
1453 4560 1487 4594 ¹⁸⁰
1506 4565 1548 4614 De

254 4645 349 4713 tempii
362 4645 547 4698 aedificetione
567 4647 604 4698 ci.
618 4649 696 4715 impr.
709 4648 844 4714 Pesqnill.
859 4654 887 4698 et
901 4648 1011 4698 Esliort.
1026 4648 1060 4697 ml
1079 4648 1228 4713 principes,
1248 4664 1283 4698 ne
1302 4649 1331 4698 in
1349 4647 1466 4698 decimae
1479 4664 1549 4713 pree-

256 4730 406 4783 etationem
426 4733 612 4783 consentiunt.
