3294 5408
76 393 78 397 ’
170 363 219 437 68
434 393 556 429 nuruum
569 392 598 428 ΙΝ
612 391 727 428 ΒΟΕΒΙΟΒ
741 389 928 436 QVEEELABW
941 388 1026 424 LIBER
1038 387 1189 425 attenuata.

371 549 446 612 Hinc
468 551 559 611 ricius
582 557 664 631 petes
686 550 802 612 blisneae
824 549 929 610 mmnia
952 548 1061 626 lipsa,
1377 541 1456 624 luo·-

455 652 507 713 Cui
529 653 647 714 tandem
667 654 775 714 samam
797 653 909 713 Lusacu
932 651 1014 711 Musa
1036 647 1130 708 dedit:

371 753 502 832 eragius
525 755 572 816 lric
593 756 713 816 iuvenes
735 774 790 816 nec
814 773 874 814 non
897 751 1003 832 quibus
1025 751 1118 812 actior
1140 756 1210 808 aetas
1237 810 1239 814 ,
1298 743 1456 830 bimis*

319 877 344 916 as
453 856 556 917 Erudit
577 865 606 918 et
627 859 738 919 teneris
760 855 886 917 consulit
906 855 1046 932 ingeniis;
1093 878 1098 890 ¹

1338 947 1458 983 ateramum

371 955 454 1038 Saepe
477 960 547 1038 quid
569 961 599 1020 in
622 958 725 1037 vulgus
747 960 847 1035 magni
868 959 964 1035 gravis
987 955 1077 1016 edidit
1099 955 1217 1021 Emser,
1339 991 1411 1026 „M

453 1060 490 1120 Et
512 1061 568 1121 iam
592 1063 692 1121 nescio
715 1060 784 1139 quid
807 1078 908 1120 secum
931 1057 1019 1119 babet
1040 1056 1089 1118 illc
1112 1058 1187 1116 novi.

369 1162 430 1223 Nec
452 1170 484 1222 tu
507 1171 665 1240 praetereas
687 1161 841 1222 sublimem
864 1161 991 1239 Virginis
1014 1158 1134 1225 urbem.
1306 1152 1457 1234 lucrorum.

318 1282 344 1322 ru
451 1264 539 1325 Paene
562 1264 673 1325 habitat
695 1264 820 1325 mediam
843 1264 910 1324 Nisa
934 1261 1030 1342 puella
1053 1263 1141 1321 rium:
1391 1255 1457 1337 luu-

168 1421 197 1466 et
220 1417 328 1468 futilem
351 1415 496 1482 adpellans
520 1415 584 1480 (vol.
598 1418 620 1466 I.
638 1434 663 1482 p.
678 1410 736 1467 3²15.
755 1434 780 1468 v.
794 1418 820 1467 5.
833 1416 912 1482 sqq).
937 1415 1176 1478 lileruit'primum
1200 1413 1228 1461 in
1247 1410 1311 1461 aula
1330 1409 1458 1470 caesaria,

168 1505 224 1551 tum
238 1502 513 1564 elcctorisSnxonici‚
533 1502 632 1552 deinde
645 1503 845 1568 Wittenbergae
859 1502 963 1563 docuit;
977 1507 1075 1566 postea
1087 1497 1265 1548 Francoiurti
1278 1496 1460 1551 adViadrum‚

169 1585 287 1653 denique
305 1587 442 1652 Friburgo
460 1588 489 1636 in
506 1588 653 1652 Brisgovia
675 1587 772 1636 relicto
797 1588 825 1636 iu
848 1587 938 1636 aulam
958 1586 1114 1636 Caesaream
1131 1584 1223 1633 rediit.
1253 1581 1459 1632 Ct'.Bocmaun.

168 1670 232 1721 Not.
251 1673 326 1721 univ.
339 1672 385 1722 Fr.
399 1688 426 1736 p.
439 1670 480 1721 68.
500 1672 608 1723 Iocchcr
625 1689 651 1724 v.
663 1670 793 1734 Stratius,
812 1672 935 1722 Mobnik.
949 1688 974 1736 p.
988 1671 1047 1720 442.
1062 1687 1120 1735 sqq.
1150 1671 1192 1719 De
1217 1667 1385 1719 carminibus
1408 1666 1460 1715 riri

168 1755 311 1822 inscriptis
325 1757 507 1820 Odrysocdoris
526 1762 554 1807 et
566 1758 707 1807 Neocltorr's
725 1758 764 1807 ibi
783 1757 896 1818 dicitur,
916 1757 964 1806 sed
984 1756 1136 1805 addendum
1155 1760 1198 1804 est
1213 1753 1381 1812 Ybeocborir,
1401 1766 1460 1815 qum

171 1856 196 1890 a.
212 1840 285 1892 1521.
305 1839 360 1904 (Fr.
375 1841 409 1891 ad
427 1843 520 1892 Viadr.
534 1842 611 1907 puto)
631 1842 707 1891 loliis
725 1842 758 1890 22
777 1842 919 1906 quadratis
937 1841 1048 1907 prodiit,
1068 1846 1096 1890 et
1114 1840 1201 1889 tribus
1219 1837 1365 1904 postremis
1382 1837 1459 1902 pagi-

168 1927 212 1977 nis
233 1925 336 1976 Sbrulii
360 1925 470 1977 carmen
495 1927 651 1992 elegiacum
674 1925 707 1978 33
730 1927 908 1977 distichorum
936 1927 965 1975 in
988 1925 1095 1974 laudem
1119 1924 1285 1974 Theodorici
1308 1922 1342 1972 de
1365 1921 1459 1971 Biilow

170 1998 303 2074 continet,
323 2012 368 2061 cui
382 2027 443 2062 curn
454 2011 568 2062 Alberto
581 2012 742 2077 Moguntino
757 2028 867 2062 carmen
885 2011 1006 2061 dicatum
1019 2014 1069 2059 est.
1094 2009 1242 2075 Inscriptio
1252 2007 1318 2058 libri
1330 2007 1391 2057 baec
1406 2011 1459 2058 est:

169 2095 312 2146 chuannr
332 2111 425 2146 aaran
443 2094 510 2162 [stc]
528 2095 722 2163 ronorvarlani
734 2098 844 2162 Equitio
862 2095 1019 2147 liberalium
1038 2092 1245 2160 disciplinarum
1263 2087 1459 2159 do·lctoris:&

168 2178 341 2247 professoris:
361 2182 391 2231 in
403 2181 553 2231 Academia
570 2181 574 2246 Ι
588 2183 844 2232 Frauokfordiana:
864 2184 958 2231 Poetae
971 2180 993 2230 st
1005 2178 1131 2246 oraltoris
1145 2177 1248 2230 clariis.
1263 2173 1458 2242 Thamaris!

170 2263 297 2332 (Effigies
317 2266 440 2317 crucifixi
459 2267 681 2332 adstantiumque
700 2268 795 2318 matris
815 2274 842 2318 et
859 2266 993 2329 loannis.)
1014 2265 1019 2331 l
1039 2267 1080 2316 Ad
1099 2265 1289 2332 spectatorem
1308 2262 1459 2313 Crucifixus

171 2349 305 2404 Christus.
327 2347 332 2418 Ι
352 2350 485 2418 conspice
511 2350 601 2418 quaeso
625 2354 673 2401 tur'r
698 2351 837 2403 constanti
860 2352 961 2402 lumine
984 2349 1119 2416 Christis!
1151 2348 1283 2416 Quisquis
1306 2350 1390 2408 adas,
1412 2347 1457 2397 do

171 2436 247 2486 rnim'r
265 2433 374 2501 cospice
393 2437 475 2504 quqso
493 2440 551 2489 tud.
568 2436 573 2502 Ι
592 2437 651 2487 sitm
668 2442 782 2504 requttnr
799 2439 832 2501 in,
843 2452 936 2486 auerso
952 2442 1062 2501 popina:

428 2537 685 2584 nuntiantur
718 2535 958 2584 rnaBEaII
990 2534 1202 2582 mortum

440 2622 622 2674 lureconsulti
640 2624 662 2674 ds
680 2625 766 2674 Poeta
785 2625 927 2673 Laurenti.
946 2624 975 2672 in
992 2622 1156 2674 tersissimos
1174 2623 1197 2674 dr

517 2707 722 2760 offitiolissrmos
740 2710 843 2774 Elegos
862 2708 993 2758 Richardi
1011 2708 1113 2773 Sbrulij

600 2794 667 2845 Itali
686 2795 719 2844 de
738 2791 864 2859 pastione
882 2793 1032 2844 Dominicn

694 2876 939 2942 Hendecasyllabi.

205 2959 327 3028 IuliguIs
344 2964 442 3013 merito
460 2963 562 3014 Poeta:
582 2962 605 3014 fi
624 2965 699 3029 quis:
860 2960 968 3022 Pastas.
982 2964 1082 3029 iurgia,
1102 2963 1271 3020 arundiuem,
1290 2962 1456 3025 columam,

204 3047 317 3096 Diuiuis
336 3061 418 3112 ququ
436 3049 574 3112 proximus
590 3049 750 3115 Prophetis:
861 3045 972 3098 Vestem
991 3063 1168 3114 purpuream,
1193 3053 1298 3099 trucem
1317 3064 1457 3099 coronamr

203 3132 321 3182 Dicetur
338 3132 445 3198 (procul
464 3134 528 3184 hinc
547 3132 643 3185 abesto
662 3134 766 3198 lictum)
863 3131 977 3195 Claros,
998 3118 1166 3195 lanceolam,
1187 3149 1296 3184 crucem
1309 3149 1457 3200 reponens:

203 3215 283 3267 Solus
300 3216 425 3269 Sbrulins
442 3218 518 3269 hicc
537 3220 591 3269 erit
608 3220 775 3270 Richardus:
861 3215 995 3275 Nostram
1007 3219 1129 3269 veridice
1148 3221 1226 3268 cauit
1244 3216 1377 3280 salutem.

181 3301 291 3352 tPurus
309 3303 444 3354 carmine:
463 3305 557 3370 purior
575 3306 716 3355 camoeuis.
830 3304 930 3368 1⁵1⁴.th
948 3303 998 3369 hac
1018 3305 1110 3354 omnia
1127 3304 1240 3370 pulchro
1258 3302 1282 3354 dr
1298 3303 1434 3371 expolite:

204 3385 291 3437 Versu
309 3387 477 3454 relligiosror
495 3406 607 3440 canoro.
861 3389 996 3451 Toruate,
1016 3390 1145 3455 ingenue.
1170 3387 1237 3439 satis
1255 3388 1381 3440 rotunde.

204 3470 291 3522 Seusu
309 3475 465 3538 pneumatis
485 3473 584 3526 altiore
603 3475 714 3540 plenus:
862 3475 890 3525 Is
907 3476 962 3524 mic
982 3489 1120 3524 sanvuron
1139 3473 1162 3524 sa
1179 3489 1266 3539 negas
1284 3477 1385 3541 poetri?

206 3555 314 3608 Christo
324 3558 410 3624 digua
420 3574 538 3609 coneus:
554 3559 667 3625 choroqj
678 3560 800 3612 Christo:
862 3561 960 3610 Vatem
973 3560 1138 3609 vatidicum:
1153 3557 1260 3609 sacrum
1272 3559 1456 3625 Prophetarn?

205 3642 283 3704 Quod
301 3643 426 3693 Romana
444 3642 535 3710 potest
552 3646 640 3708 phare
659 3647 792 3707 Quercus.
862 3645 928 3694 Aut:
949 3644 971 3694 si
989 3661 1043 3696 non
1062 3646 1143 3694 datur
1161 3642 1219 3694 osso
1238 3650 1294 3694 tam
1314 3643 1435 3695 sacrato:

172 3728 274 3776 to'l'um
291 3727 337 3778 rel
354 3729 486 3794 precipue
505 3730 618 3795 flagella
636 3731 743 3795 quando
829 3739 854 3778 tu
863 3730 982 3779 Saltem:
1001 3736 1114 3795 pectore
1132 3731 1282 3795 proximum
1301 3729 1459 3796 prophetis?

236 3811 259 3845 ⁶⁶
276 3810 368 3878 Musa]
387 3827 478 3867 nomeu
496 3817 519 3864 1.
537 3817 586 3863 sed
603 3816 893 3866 Heraclammone
910 3832 979 3866 corr.
1009 3816 1074 3865 Lus.
1093 3817 1174 3865 blusu
1192 3816 1253 3880 ipse
1264 3815 1391 3880 Rhagius
1410 3821 1458 3866 ost

169 3898 192 3931 ⁸⁷
207 3898 339 3949 dodanum
356 3898 428 3950 Ituclt
449 3916 497 3949 uon
514 3898 683 3963 Sommerfetd
703 3905 729 3950 iu
751 3905 799 3950 der
816 3902 929 3950 Lausitz.
950 3902 985 3952 ci.
999 3901 1052 3951 vol.
1067 3901 1086 3949 l.
1101 3917 1126 3965 p.
1140 3898 1164 3948 8.
1177 3915 1251 3949 num.
1264 3916 1310 3951 111.
1341 3901 1386 3950 Do
1409 3901 1459 3951 hoe

169 3998 219 4035 suo
238 3981 425 4048 praeceptore,
444 3985 477 4039 de
495 3985 574 4035 cuius
592 3987 652 4035 vita
670 3986 696 4035 b.
716 3985 733 4034 l.
753 3986 845 4036 dicore
868 4001 936 4050 opus
958 4002 1014 4035 non
1032 3990 1086 4046 est,
1103 3991 1229 4034 amanter
1247 4001 1281 4035 ac
1300 3991 1459 4036 reverenter

169 4070 269 4134 sepius
286 4067 400 4134 scripsit
411 4069 560 4133 Huttenus,
579 4075 798 4135 memoraturque
817 4071 900 4121 etiam
919 4072 947 4120 in
959 4072 1028 4136 Epp.
1043 4071 1143 4131 Obscc.
1157 4071 1239 4121 viror.
1254 4070 1276 4120 I.
1292 4070 1459 4127 17.11.tt.rr.

169 4152 299 4204 blohuilre
317 4170 345 4219 p.
358 4151 416 4205 446.
430 4169 488 4219 sqq.
542 4156 630 4204 actior
647 4157 706 4205 edd.
726 4155 789 4205 Scio
808 4157 916 4220 quidem
934 4155 968 4205 do
987 4160 1071 4206 astute
1090 4163 1150 4206 octa
1162 4157 1262 4206 Latine
1281 4154 1347 4217 dici,
1367 4159 1459 4208 malim

170 4243 262 4289 autom
280 4240 306 4290 h.
320 4239 438 4290 λαθὼν.
490 4239 651 4303 &stimulant
670 4242 694 4291 1.
764 4240 785 4271 ⁸⁹
809 4240 1277 4291 EmserusUlmaeriatusa.1477.
1297 4242 1405 4293 ltrfurti
1427 4243 1459 4292 da

168 4323 317 4375 Reuohlini
329 4323 427 4390 Sergio
445 4323 524 4390 legit,
543 4331 571 4374 ot
582 4325 774 4375 Pirclrhaimer
786 4325 985 4376 Reuchliuistis
999 4342 1059 4376 eum
1073 4326 1215 4376 adscribit.
1245 4326 1372 4391 Lipsiam
1385 4328 1460 4378 veuit

170 4423 195 4458 a.
211 4406 284 4459 1504.
304 4409 322 4470 †
341 4411 366 4458 tt.
387 4409 461 4461 1527.
481 4409 642 4460 Simultates
661 4426 721 4460 cum
735 4410 842 4475 ltbagio
858 4411 1040 4475 Buschioquo‚
1060 4427 1121 4461 cum
1134 4412 1255 4461 Lutbcro
1273 4413 1303 4460 in
1320 4414 1417 4478 primis
1434 4417 1461 4462 et

168 4493 335 4544 Lutbcranis
353 4499 439 4561 gostm
457 4496 547 4561 magis
566 4512 646 4560 quam
664 4511 715 4546 sua
733 4495 766 4544 dc
785 4495 887 4545 litteris
905 4497 1004 4544 merita
1023 4496 1126 4547 homini
1139 4497 1241 4546 lamam
1255 4498 1402 4561 quamdam
1414 4514 1458 4565 pu·

168 4583 273 4639 rorant.
292 4577 315 4626 V
318 4579 385 4629 itam
403 4578 482 4630 multi
501 4587 640 4631 euarrunt.
693 4580 714 4612 ⁷¹
732 4581 849 4630 Nomina
867 4596 917 4630 suo
935 4581 1038 4630 nullum
1057 4581 1326 4647 blugdcburgensem
1345 4583 1458 4634 liutteni

167 4663 248 4712 Musa
264 4662 369 4713 salutat
385 4670 486 4731 praetor
498 4666 715 4718 Stciubockium.
767 4665 789 4698 ⁷²
807 4668 871 4732 brut
885 4669 907 4716 1.
926 4668 995 4716 Haec
1009 4668 1076 4717 Nisa
1094 4683 1145 4720 nec
1164 4668 1232 4717 milri
1249 4683 1379 4734 umquam
1394 4669 1457 4719 alibi

167 4762 238 4799 risa.
