3294 5408
277 378 350 452 382
455 410 577 445 flvmitt
591 411 620 444 111
634 410 832 445 EXCEPTIONEH
845 410 1032 444 UOGVN'l'lNAM
1045 409 1166 444 sensuri
1180 410 1408 447 Pannonicus.

478 566 553 625 Ante
575 584 661 636 avus,
684 574 752 625 ante
775 572 859 643 pater
881 583 1003 625 sunium
1027 568 1173 643 praeconia
1197 565 1305 626 laudis.

427 688 465 727 eoo
480 666 531 727 llle
553 674 650 728 autem
673 667 790 745 placido
814 666 910 737 vultu,
935 669 982 727 eui
1005 666 1151 746 plurimus
1173 685 1225 728 ore
1387 666 1598 755 Ιῇῗζζξ·

485 768 602 829 Candor
625 771 716 835 inest,
740 769 910 829 Henriclms
933 778 1010 837 erat,
1035 788 1095 829 uon
1118 771 1251 831 sanctior
1274 768 1329 830 illo

479 871 599 931 Proluit
620 870 665 931 his
687 873 800 948 regnis,
825 873 872 931 eui
895 890 954 931 non
978 873 1175 950 contemptior
1196 889 1274 932 uxor

479 972 607 1034 Assidet:
630 971 684 1033 has
707 975 819 1033 animas
841 972 915 1032 cralo
938 974 1050 1034 danius.
1074 973 1142 1044 llle,
1166 973 1261 1034 leroei
1391 973 1522 1056 imp?
1534 977 1600 1021 νή*

480 1074 532 1135 Cui
555 1080 655 1151 turget
677 1075 767 1135 iacies
789 1077 851 1140 ira.
876 1075 941 1153 plus
963 1094 1044 1136 arma
1068 1078 1196 1137 niinatus

428 1201 465 1237 ss.
482 1177 586 1236 Ellecit
608 1195 695 1254 quam
719 1178 766 1254 qui
791 1179 915 1254 sttrnptis
938 1185 1066 1239 certaret
1089 1180 1118 1238 in
1140 1180 1246 1247 armis;

479 1279 603 1339 Francia
626 1277 794 1338 Conradum
817 1281 942 1356 genitrix
966 1289 1058 1341 vocat.
1089 1281 1160 1342 lude
1183 1287 1333 1359 sequutus
1395 1287 1598 1372 imm&

480 1382 597 1441 Fortior
619 1379 787 1440 Hearichus
808 1398 863 1459 per
885 1390 975 1441 totam
999 1384 1133 1443 incendia
1156 1384 1237 1444 ducit

466 1481 639 1543 ¹Remorum
661 1483 801 1560 patriam,
826 1485 981 1543 coutumlit
1003 1485 1172 1555 llannonas,
1195 1484 1266 1546 urbi

479 1584 651 1645 l’ontitieem
675 1583 776 1643 llomm
798 1584 876 1661 legit.
922 1586 995 1647 llnic
1018 1605 1050 1647 se
1072 1586 1149 1647 filius
1171 1587 1252 1646 omni
1433 1596 1596 1677 {yffi-*ug*

429 1706 467 1748 ιιι
483 1685 553 1747 Fert
576 1686 682 1746 virtute
704 1703 824 1765 parem,
849 1686 917 1747 belli
940 1689 1052 1749 maiore
1075 1689 1198 1766 gerendi

277 1841 480 1852 ..--.--

345 1941 378 1977 ⁸⁵⁹
395 1941 528 2009 preconia
547 1945 570 1991 1.
578 1945 603 1993 2.
656 1939 689 1974 ⁸⁸⁰
707 1941 846 1993 Henrieus
864 1945 888 1993 2.
908 1947 983 1993 etiam
1001 1947 1026 1993 in
1045 1948 1166 1993 lernmute.
1186 1944 1240 1992 Pro
1258 1943 1307 1994 ltoc
1325 1950 1356 1993 et
1376 1898 1484 2010 Quaqq.
1498 1945 1596 1992 lme-

276 2029 385 2079 titania
405 2032 480 2080 dest
492 2027 636 2077 Henrichi.
706 2025 819 2095 primus]
842 2030 907 2092 quia
925 2031 1028 2093 primus
1047 2029 1184 2078 lleuricus
1201 2029 1296 2078 Romae
1315 2033 1485 2079 coronatus
1504 2026 1594 2091 ((121.

278 2115 364 2165 Febr.
379 2129 404 2162 a.
421 2106 508 2176 1014.)
529 2117 583 2174 est;
603 2114 676 2162 inter
694 2113 891 2163 Germanorum
910 2129 990 2178 reges
1009 2114 1146 2164 Henricos
1165 2112 1309 2163 Secundus
1329 2117 1387 2162 est.
1427 2112 1472 2163 Ut
1491 2127 1527 2162 ex
1546 2109 1593 2160 01-

277 2205 341 2250 tone
360 2199 382 2248 I.
397 2197 462 2247 Otto
481 2198 530 2247 111.
545 2212 680 2262 pronepos
699 2197 816 2248 Henrici
836 2199 952 2262 aucupis
971 2198 1036 2260 tuit,
1057 2200 1098 2248 ita
1117 2214 1150 2247 ex
1170 2197 1258 2248 altero
1276 2197 1362 2248 huius
1382 2196 1446 2248 filio
1467 2197 1593 2248 Hearico

277 2285 415 2336 Henricus
433 2284 479 2345 II.,
500 2284 545 2347 qui
566 2282 688 2332 Giselam
707 2283 876 2348 Burgundios
894 2283 968 2348 regis
988 2282 1073 2332 filium
1092 2288 1207 2332 matrem
1225 2282 1335 2344 habuit,
1356 2288 1479 2348 patrem
1501 2287 1592 2332 autern

277 2367 440 2419 Hazilonem
458 2368 516 2417 sive
530 2367 680 2417 Hunrieum
693 2368 729 2416 11.
749 2368 879 2417 Bavariae
898 2368 1004 2417 ducem.
1024 2369 1111 2417 Natus
1131 2373 1173 2418 est
1192 2384 1217 2417 a.
1231 2366 1302 2426 072..
1315 2372 1520 2434 cognomenta
1539 2366 1591 2419 sibi

277 2455 376 2504 meruit
394 2452 505 2515 Sancti,
530 2453 588 2516 Pii,
609 2452 743 2513 Gloriosi,
765 2453 961 2502 Monachornm
980 2453 1082 2518 patris,
1103 2458 1131 2502 et
1149 2469 1165 2502 a
1184 2451 1279 2502 luxato
1299 2452 1410 2504 temore
1432 2451 1558 2515 Claudi,
1575 2469 1592 2503 ι

276 2538 390 2589 condite
408 2537 531 2588 ecclesia
549 2537 773 2603 Bamborgensis.
804 2538 863 2587 Rex
884 2538 1080 2588 Germanorum
1099 2544 1161 2602 post
1179 2538 1258 2586 varia
1280 2537 1449 2604 principum
1468 2539 1591 2589 dissidia

277 2628 423 2674 coronatus
442 2626 484 2671 est
502 2622 653 2687 Mogontiae
673 2638 698 2672 a.
715 2621 801 2685 loon,
823 2623 994 2687 imperialem
1014 2638 1143 2672 eoronam
1163 2621 1273 2687 accepit
1291 2621 1392 2673 Roman
1412 2639 1441 2674 a.
1459 2623 1553 2685 tola,
1572 2625 1590 2686 †

277 2726 302 2758 a.
320 2707 391 2756 1021.
423 2705 497 2756 Uxor
516 2707 575 2757 eius
594 2707 759 2772 Cuuigunda
777 2707 1043 2773 Lucilimburgansis
1067 2707 1195 2758 adulterii
1218 2723 1267 2757 rea
1285 2706 1369 2758 iacta
1388 2708 1589 2760 innocentiam

276 2809 353 2843 suam
366 2798 473 2842 tautam
486 2792 574 2842 erdoti
593 2793 736 2857 probavit,
761 2796 792 2841 ut
811 2792 988 2842 Innocentius
1006 2793 1057 2841 Ill.
1072 2808 1132 2842 eam
1152 2809 1176 2842 a.
1194 2790 1267 2841 1201.
1281 2792 1358 2842 inter
1371 2799 1500 2844 sanctas
1520 2796 1590 2845 reci·

277 2885 364 2946 peret.
401 2881 434 2929 lu
452 2876 556 2928 tumulo
575 2878 692 2927 ilenrici
712 2883 808 2926 auctor
826 2878 893 2927 vitae
912 2877 1072 2926 llleinwerci
1093 2879 1253 2941 inscriptum
1272 2877 1361 2927 fauisse
1381 2878 1481 2930 refert
1500 2915 1556 2943 ,,...

480 2962 615 3028 Splendor
634 2969 694 3011 erat
712 2963 818 3026 legum,
839 2962 993 3027 speculum,
1013 2961 1058 3010 lux
1077 2977 1239 3026 gemmaque
1258 2977 1370 3026 regum,

278 3099 279 3103 ,
546 3048 588 3098 Ad
607 3047 690 3098 coelos
710 3047 795 3109 abiit,
815 3064 869 3098 non
888 3048 1007 3098 moriens
1026 3046 1125 3099 obiit''.

276 3134 309 3169 ⁸⁸¹
328 3134 483 3197 Comedus,
510 3134 570 3183 eius
594 3133 713 3182 nominis
731 3133 832 3197 primus
852 3135 1014 3197 imperator,
1041 3132 1088 3181 sed
1108 3133 1181 3181 inter
1200 3132 1352 3183 Germanos
1372 3148 1462 3199 reges
1483 3120 1589 3187 eonas

277 3220 326 3270 dus
344 3221 381 3270 11.
396 3225 451 3280 est,
476 3218 585 3268 salicus
609 3217 691 3282 volgo
716 3219 935 3282 cognominatus.
971 3218 1083 3266 Patrem
1105 3217 1205 3267 habuit
1228 3218 1381 3268 Hauricum
1405 3219 1588 3273 Francorum

276 3305 388 3367 ducem,
407 3311 522 3354 matrem
540 3302 716 3353 Adellreidim
735 3303 902 3364 Matousem,
922 3303 970 3353 sed
990 3317 1042 3367 quo
1063 3318 1134 3353 anno
1153 3308 1236 3352 natus
1254 3304 1364 3353 sitnon
1384 3310 1518 3357 constat.
1536 3306 1588 3357 Co-

276 3394 389 3439 ronatus
408 3376 457 3438 'est
479 3388 647 3452 Aquisgrani
671 3402 696 3436 a.
714 3385 803 3450 1021,
827 3388 920 3437 Romae
940 3388 1055 3439 ιι.1027.
1076 3388 1202 3452 idemque
1227 3387 1311 3437 etiarn
1329 3387 1586 3453 Langobardicarn

275 3474 535 3538 Burgundieamque
554 3486 671 3522 coronas
690 3471 810 3536 accepit.
824 3469 843 3536 †
855 3473 981 3523 'l'raiecti
1000 3490 1034 3523 m.
1048 3474 1129 3522 Iunio
1148 3489 1173 3522 a.
1189 3471 1263 3522 toto.
1283 3472 1352 3533 Qua
1371 3472 1407 3524 de
1426 3475 1477 3524 ira
1495 3478 1585 3527 mine·

275 3561 414 3624 citatoque
434 3558 508 3624 regis
526 3557 553 3606 h.
567 3556 584 3607 l.
598 3557 798 3622 significentur,
820 3559 908 3621 magis
922 3558 958 3607 ed
970 3557 1088 3608 consilia
1099 3557 1213 3623 publica
1226 3563 1254 3608 ct
1266 3556 1344 3623 leges
1359 3558 1397 3608 ab
1415 3558 1476 3611 ltoc
1496 3562 1585 3628 impe·

276 3648 370 3694 tutore
388 3642 474 3705 latas,
500 3643 573 3691 iuter
597 3657 663 3707 quas
687 3642 916 3692 celebratissimae
935 3649 999 3693 sunt
1018 3643 1180 3693 constitutio
1203 3643 1237 3692 do
1261 3641 1352 3693 feudis
1371 3649 1462 3708 atque
1482 3652 1585 3713 treuga

276 3728 334 3790 dci,
354 3743 434 3792 quam
453 3727 488 3776 ud
505 3726 581 3777 bella
594 3732 690 3777 contra
702 3727 833 3789 Polonos,
854 3728 1000 3778 Ernestum
1014 3729 1169 3791 Scaevieum,
1189 3728 1284 3791 ltalos,
1303 3728 1485 3792 Burgundos,
1505 3731 1583 3783 Han·

277 3828 367 3878 garos,
387 3811 484 3862 elavos
503 3817 615 3862 strenuo
635 3817 716 3877 gesta
733 3812 897 3862 rettulerim.
968 3812 1001 3845 ⁸⁶⁰
1018 3814 1157 3863 Henrieus
1176 3813 1225 3863 111.
1246 3829 1301 3874 rex,
1320 3813 1357 3864 11.
1372 3813 1457 3878 imp,
1480 3814 1533 3879 (cf.
1546 3816 1584 3867 ul

275 3913 301 3949 v.
315 3896 402 3961 801),
420 3899 488 3947 item
506 3897 572 3947 Pius
596 3913 617 3946 s.
632 3897 730 3961 Niger,
752 3896 873 3947 Conratli
892 3899 927 3949 11.
948 3914 981 3948 ex
1000 3898 1095 3949 Gisela
1118 3899 1190 3948 filius
1212 3904 1271 3951 nat.
1285 3913 1311 3947 a.
1327 3896 1402 3947 1017.
1421 3902 1504 3963 patri
1521 3916 1583 3953 sue·

277 3984 363 4034 cessit
386 3999 412 4033 a.
428 3981 500 4033 1039.
519 3983 614 4032 Romae
637 3987 785 4032 coronatur
804 3998 829 4032 a.
846 3981 920 4032 1016.
933 3984 951 4044 †
965 3999 989 4034 a.
1005 3981 1079 4032 tono.
1100 3983 1203 4033 Contra
1220 3983 1356 4033 Bohamos
1375 3999 1403 4033 a.
1425 3983 1506 4036 toto.
1525 3988 1581 4052 pri·

275 4084 361 4130 mum,
381 4068 430 4118 sed
449 4068 540 4118 aerius
558 4069 686 4132 sequenti
704 4082 776 4117 anno
795 4067 893 4117 iterum
913 4067 1038 4131 bellavit,
1057 4068 1175 4118 hostium
1193 4067 1256 4119 loca
1274 4069 1339 4133 igne
1357 4068 1516 4136 praedaque
1534 4071 1581 4121 de·

274 4158 403 4205 vastatus
422 4153 573 4218 ducemque
592 4167 654 4202 sese
672 4152 773 4202 dedere
793 4168 904 4218 cogens.
941 4154 1016 4203 Idem
1034 4170 1093 4219 sqq.
1108 4153 1187 4204 annis
1205 4153 1330 4218 pluribus
1349 4153 1581 4218 expeditionibus

275 4240 423 4305 ilungaros
442 4237 565 4289 devictos
583 4237 716 4300 subiecit,
741 4239 881 4303 praecipue
900 4245 994 4289 autem
1012 4239 1040 4287 in
1058 4238 1146 4290 Italos
1164 4239 1379 4289 dominationem
1400 4253 1485 4290 suam
1505 4256 1581 4291 exer·

277 4326 346 4374 cuit:
367 4323 501 4389 depositis
520 4322 706 4372 schismaticis
724 4324 804 4388 papis
818 4322 988 4373 Clementem
1002 4325 1039 4374 11.
1053 4324 1185 4375 Romanis
1205 4340 1229 4374 a.
1246 4321 1580 4392 incontaminatam

274 4410 342 4460 stito
360 4424 390 4459 se
410 4423 559 4474 numquam
577 4408 636 4457 aina
657 4409 715 4458 eiua
735 4423 870 4457 consensu
889 4424 989 4474 papam
1009 4409 1148 4460 electuros
1168 4424 1242 4471 esse,
1262 4406 1423 4473 pontificem
1440 4410 1578 4478 inposuit,

277 4510 330 4559 quo
347 4499 453 4544 mortuo
472 4494 509 4557 (a.
526 4492 611 4555 1047.)
630 4495 781 4543 Damasum
799 4493 835 4543 Il.
850 4498 964 4558 postque
983 4494 1064 4543 huirrs
1081 4499 1196 4544 mortem
1215 4493 1252 4554 (a.
1269 4491 1354 4555 loto.)
1372 4493 1503 4546 Leonem
1522 4497 1579 4553 lx„

277 4579 395 4644 denique
414 4583 521 4629 mortuo
533 4578 628 4628 Leone
648 4595 673 4628 a.
689 4576 761 4628 1051.
782 4578 922 4629 Victorem
935 4580 972 4628 11.
986 4594 1074 4644 papas
1093 4579 1171 4630 feeit.
1223 4576 1258 4610 ⁸⁷⁰
1275 4578 1415 4630 Henricns
1433 4581 1489 4633 111.
1503 4583 1577 4647 imp..

276 4663 341 4713 1111.
360 4679 408 4713 rex
431 4663 642 4724 Gerasenorum,
674 4662 734 4726 „tet
763 4663 854 4728 martin
883 4663 939 4727 aeta
970 4662 1046 4726 teiln
1063 4664 1179 4730 insinuat
1209 4663 1251 4718 ber
1281 4660 1385 4727 nand,
1416 4665 1455 4715 ct.
1477 4666 1578 4718 volt'.

276 4764 302 4815 p.
316 4746 374 4799 307.
388 4763 447 4812 sqq.
