3294 5408
271 420 417 455 unnfflcl
432 423 466 455 m}
480 421 595 456 ΗΕΚΝ
608 421 690 455 vnis
704 420 1059 455 000000000000000010000
1072 419 1193 454 ΩΛΙΙΙΕΝ,
1206 418 1363 455 ΟΒΛΟἩΝΙ·
1393 390 1465 460 315
1542 420 1549 429 ”

348 595 373 636 so
394 579 505 635 Vicinus
523 594 575 635 sua
594 593 678 633 sacra
697 578 812 646 eborea,
835 578 957 650 defendit
975 584 1002 634 cl
1021 580 1098 651 iqnes
1133 651 1135 655 Ι
1294 576 1297 656 i
1316 573 1467 659 mm·

386 663 527 720 Fatidieus
546 666 586 719 nil
605 664 707 718 damna
726 665 822 719 timens
842 671 897 719 lam
919 665 1006 719 tristia
1026 669 1114 731 vales,

387 749 443 805 Nec
464 752 512 822 qui
529 748 663 805 terribiles
683 751 739 806 uoti
754 763 887 819 porsere,
908 751 1006 804 leones.

386 834 453 903 Qute
474 836 556 890 moles
573 835 637 889 binc
658 835 759 890 dextra
780 835 868 900 sedet,
889 848 984 906 quaeue
995 833 1078 889 'urbis
1099 834 1187 905 imnqo
1350 826 1466 910 {wll

385 920 516 976 Ceertrless
532 922 659 991 proiecta
679 921 774 975 uadis?
794 921 904 975 nonalia
924 921 1023 974 mirum
1049 976 1056 985 ,

346 1023 370 1062 05
385 1006 423 1061 Ni
436 1006 505 1061 baec
525 1007 595 1060 sint:
614 1019 677 1060 ecce
697 1005 794 1060 rudes·
802 1005 880 1076 lonqo
901 1020 975 1060 nunc
995 1004 1093 1059 ordine
1111 1003 1204 1059 sidunt

384 1090 515 1146 Pontibus
533 1097 643 1163 <equata
664 1097 827 1145 tercentum
846 1088 941 1161 fronte
957 1092 1073 1145 carinae.

385 1177 490 1248 quuee
510 1178 650 1247 conqeries
667 1179 771 1247 sparti,
792 1191 855 1247 quae
874 1177 1006 1230 immenso
1026 1173 1171 1229 rudentum

382 1260 515 1316 Materies
536 1266 611 1315 uasta
633 1263 704 1316 iacet
721 1260 781 1315 leae
803 1262 950 1315 contortilis
970 1261 1057 1314 aula?

383 1347 437 1401 Aut
456 1361 522 1418 quos
544 1359 681 1401 remorum
704 1360 788 1401 cerno
809 1345 943 1417 consinus
963 1358 1077 1399 acerms

346 1447 371 1488 00
393 1430 512 1502 Velaque
536 1430 689 1486 Threicium
710 1431 832 1486 Boream
848 1430 980 1502 fractura
1004 1430 1168 1501 Nolamque,

385 1515 557 1572 structilibus
578 1523 705 1588 conpesta
726 1515 820 1583 tholis,
845 1529 983 1587 uncosque
1005 1519 1132 1569 tenaces?

390 1602 439 1656 Vel
459 1617 521 1672 quoe
536 1602 668 1673 vulnificis
686 1603 743 1657 telis
759 1604 859 1673 stipata
881 1601 1040 1671 ¹recumbunt

385 1686 410 1741 Τ
408 1694 466 1740 ecto
483 1687 617 1758 adoperta
635 1688 755 1758 procul?
772 1689 802 1741 ni
821 1689 883 1742 olim
906 1689 1015 1741 mentitu
1035 1690 1152 1739 vetustas

383 1771 465 1826 Esset
487 1788 558 1826 oona
581 1772 646 1840 deo,
667 1774 733 1827 saeui
753 1771 812 1827 baec
833 1773 963 1827 sacraria
985 1769 1086 1824 Martis

344 1869 369 1911 05
385 1856 504 1912 Credere
522 1862 549 1912 et
564 1859 686 1929 oequorei
698 1863 825 1929 poteram
839 1856 996 1929 penetralia
1014 1857 1104 1927 repis:

386 1941 434 1996 Tot
453 1939 541 2012 qaleee
558 1942 690 2014 clipeique
710 1945 783 2010 caui,
805 1950 842 1998 tol
853 1926 982 2014 protinus
1001 1955 1081 1996 enses

381 2027 524 2099 Arqolicas
540 2033 655 2097 potuere
673 2042 771 2082 manus
791 2043 906 2083 armare
926 2026 1108 2099 Pbryqosque

382 2111 460 2166 Inter
481 2111 650 2184 Perqomeas
671 2128 753 2167 arces
774 2116 907 2186 ripasque
927 2118 1069 2177 sonantes,

382 2197 489 2252 Fatalis
505 2196 692 2265 Scamandre‚
710 2204 789 2266 luas;
812 2205 850 2264 le,
873 2201 901 2252 in
919 2198 1024 2252 Baetra
1045 2201 1207 2264 mouentem,

330 2295 366 2336 tos
383 2282 466 2350 Nine,
484 2288 510 2337 el
530 2283 666 2355 Abydenis
686 2289 829 2338 metantem
846 2282 964 2338 Persida
984 2282 1098 2353 campis.

381 2366 516 2423 Manibus
536 2368 581 2423 liic
595 2383 660 2423 uero
680 2383 795 2438 campus
811 2367 953 2424 navalibus
970 2367 1095 2432 becrens,

380 2452 505 2507 Herbido
528 2469 607 2525 quem
626 2453 824 2525 remittamus,
846 2455 985 2508 succincta
1004 2451 1150 2524 pharetris

381 2539 497 2609 Aqrnino
519 2541 580 2610 quis
601 2538 679 2593 labar
699 2543 830 2594 exercet?
851 2539 918 2611 quid
937 2539 1025 2610 fipere
1046 2542 1132 2591 metas

385 2622 474 2694 Usque
487 2626 592 2695 procul
612 2624 741 2680 tendunt?
762 2625 803 2680 nel
821 2638 931 2696 quaese
951 2626 979 2677 in
1001 2628 1096 2677 nostra
1112 2628 1250 2694 retorquet

331 2716 367 2763 005
382 2707 497 2776 Lumina
520 2715 667 2764 tercentum
685 2713 780 2764 stratis
801 2710 896 2764 domus
917 2709 1007 2764 ardua
1027 2707 1148 2779 fulcris?

381 2791 519 2865 Suprema
532 2797 634 2865 pietate
650 2801 729 2865 patet
749 2797 921 2849 sanctissima
938 2800 1026 2864 portu

387 2877 507 2950 Virqinis
525 2881 597 2934 alma
616 2894 732 2950 parens,
755 2879 806 2934 sed
818 2880 878 2950 filia
899 2880 1021 2934 sanctior
1038 2891 1096 2932 uria
1116 2883 1164 2931 est.

380 2963 463 3018 Laeua
484 2963 648 3019 suburbanis
668 2965 797 3019 incumbit
813 2963 940 3035 fluctibus
956 2963 1083 3034 bancqne

387 3048 510 3119 Undique
529 3051 707 3104 circumstant
723 3052 816 3104 vittata
836 3047 930 3119 fronte
951 3051 1091 3102 ministra.

329 3146 366 3186 110
381 3133 465 3188 Hunc
477 3136 611 3204 propiore
628 3133 697 3189 tltolo
720 3141 775 3189 tam
798 3137 892 3188 tetrica
910 3140 979 3188 lecta
1002 3138 1132 3189 tenentem

380 3218 467 3273 Haud
487 3209 609 3290 equidem
629 3234 759 3292 aquosos,
782 3221 883 3275 eoelesti
898 3219 998 3274 lumine
1018 3219 1142 3290 quomms

382 3302 418 3358 tls
441 3304 549 3359 radiat.-
568 3305 634 3377 quid
649 3306 727 3375 pullo
744 3313 805 3377 toqa
826 3312 867 3359 est
885 3307 1035 3377 tunicisque
1055 3303 1179 3358 nivales?

380 3390 478 3444 Colitis
500 3391 668 3460 antepedes
689 3391 757 3462 quid
773 3397 827 3445 tam
850 3404 998 3445 numerosa
1015 3387 1146 3444 recumbit

380 3475 463 3530 Calan
484 3474 602 3530 colors?
623 3481 737 3531 stantem
760 3478 851 3531 cuncti
869 3477 1006 3530 mirantur
1028 3479 1053 3529 et
1069 3479 1159 3531 oront.

330 3574 364 3613 ns
382 3557 478 3632 lqnota
500 3560 547 3614 illu
565 3563 644 3616 etiam
663 3560 753 3632 facies
772 3568 896 3616 extremo
910 3560 1064 3632 prementis

380 3644 484 3717 Staqnn
506 3647 594 3713 serus,
617 3647 741 3701 madidas
760 3649 810 3720 qui
829 3647 933 3718 lonqins
955 3648 1013 3700 escit
1033 3645 1061 3698 in
1083 3650 1207 3717 austros,-

378 3731 502 3787 Canicr'es
520 3733 677 3786 ueneranda
695 3734 773 3804 qenis
784 3733 954 3804 prolixaque
975 3729 1062 3785 barba

377 3814 511 3871 Mortales
531 3818 623 3872 oculos
643 3816 820 3890 humanoque
837 3823 954 3889 pectora
975 3820 1096 3887 tanqunt.

381 3899 403 3955 0
421 3902 516 3973 pelaqi
532 3907 648 3957 uentura
670 3904 742 3971 dies,
764 3909 918 3972 otempora
941 3902 1052 3956 rerum!

328 3999 365 4039 000
381 3985 454 4053 Quos
476 4002 523 4058 eqo
544 3990 662 4059 suspicio
679 3989 766 4043 Porio
788 3988 822 4043 de
842 4001 982 4042 marmore
994 3991 1102 4057 postes,

380 4073 433 4126 dart
451 4087 518 4143 quos
538 4071 588 4127 sub
609 4075 687 4129 nivea
705 4073 870 4146 famulantis
889 4079 961 4128 nesle
982 4072 1138 4125 ministros?

379 4153 435 4211 Sed
453 4174 506 4228 quo
528 4159 582 4211 iam
601 4166 676 4214 retro
697 4160 843 4230 capimur?
863 4174 925 4230 quae
946 4156 1054 4229 obliquo
1075 4170 1221 4212 sacrorum
1259 4149 1464 4234 {mmm

243 4352 265 4385 ⁸⁰
282 4352 311 4403 S.
325 4355 450 4406 llaniello.
503 4355 584 4423 virg.]
605 4358 812 4419 (isterciensium.
872 4354 893 4389 ⁵⁸
911 4358 1072 4406 Arsenale..
1104 4354 1126 4386 ⁸¹
1143 4360 1232 4420 presta
1250 4359 1274 4404 1.
1290 4357 1345 4419 sect
1360 4356 1463 4420 pisctu.

176 4436 368 4489 ”lbraiicium
382 4443 405 4489 l.
452 4439 724 4493 ⁹²Armamcntarium.
776 4440 861 4506 ⁹⁵aeq.
876 4438 944 4507 rag-l
960 4441 1079 4505 Neptuni.
1133 4438 1166 4473 ¹⁰⁰
1177 4446 1241 4489 mol.
1255 4439 1381 4507 Persida]
1396 4442 1464 4492 Xer·

175 4538 244 4573 aem.
303 4525 432 4574 lanuinus
449 4528 487 4575 sio
507 4530 530 4575 l.
588 4525 620 4560 ¹⁰⁰
638 4523 780 4591 ministra]
800 4528 899 4576 ordinis
915 4542 937 4576 s.
951 4526 1095 4575 Benedicti.
1154 4523 1186 4558 ¹¹⁰
1203 4525 1232 4575 S.
1246 4528 1391 4578 Domenico.
1408 4528 1461 4578 Do·
1534 4530 1539 4539 '

175 4610 353 4660 minicanorum
371 4610 554 4661 monachorum.
610 4610 642 4644 ¹¹⁵
659 4612 687 4661 S.
702 4613 814 4663 Antonio
832 4613 860 4661 di
877 4614 989 4661 castello.
1011 4612 1192 4696 Canopicorum
1208 4613 1462 4675 00901000ωοΛαὶ-

175 4696 279 4744 umoris.
333 4691 365 4726 m
382 4695 411 4744 S.
426 4696 530 4760 Biaqio.
552 4698 711 4758 Graecorum,
731 4712 809 4763 usque
827 4698 883 4746 dum
901 4697 951 4746 sibi
967 4697 994 4746 ln·
1009 4699 1102 4747 baculo
1115 4701 1175 4745 llll.
1188 4699 1328 4747 coadmnl
1346 4696 1374 4747 S.
1389 4698 1462 4749 Giar-

174 4780 216 4844 pt'o
234 4777 274 4829 de’
290 4780 372 4829 Greci.
