3294 5408
429 404 552 441 nvrnsnl
565 404 593 438 lit
608 402 722 439 Lousios
736 402 922 444 Qvunsnnnvu
936 401 1021 437 num
1035 400 1184 438 unctium.

365 564 458 634 (tuam
481 558 557 621 male
580 565 758 636 componant
779 558 856 618 docti
880 557 1072 619 medicamina
1094 556 1205 624 Crinas,

449 661 520 733 Quae
542 663 622 723 refici
646 660 704 721 Coo
729 658 800 719 nolit
821 659 857 720 ab
881 661 1068 740 Hippocrate.

367 766 454 826 Verte
476 764 600 825 animos!
624 769 692 824 sunt
714 769 743 822 et
765 764 873 823 nostris
895 780 946 822 sua
970 760 1090 823 vulnera
1112 759 1195 831 telis,

315 847 340 928 co
448 866 483 927 Et
504 867 626 927 nimium
650 864 731 925 duris
753 865 862 924 scimus
884 863 988 926 obesse
1010 864 1120 933 modis;
1147 892 1154 903 ι

367 969 423 1029 dut
445 969 468 1029 si
491 966 570 1028 nulia
592 966 645 1027 tibi
667 968 775 1046 pietaS,
799 973 828 1026 ct
849 966 956 1028 laedere
978 968 1101 1045 quaeris,

450 1066 486 1131 Et
508 1071 639 1149 requiem
662 1068 765 1129 studiis
787 1087 846 1129 nou
869 1069 939 1129 sinis
962 1069 1135 1136 essemus,

365 1172 478 1234 dddam
499 1170 556 1232 tela
579 1172 634 1232 tuis
656 1177 744 1249 atquo
766 1188 847 1230 arma
871 1177 969 1231 coacta
992 1188 1156 1232 resumam:

317 1295 342 1337 oi
450 1274 573 1334 ddiirvat
595 1271 718 1333 insultus
740 1281 798 1332 tam
822 1271 898 1332 bona
923 1290 1009 1332 causa
1032 1290 1128 1340 meos:

368 1375 479 1438 Addam
502 1382 596 1436 marte
619 1377 697 1435 vices
719 1392 851 1452 ausuque
873 1376 1010 1435 remetiar
1033 1392 1121 1435 ausus

453 1478 489 1539 Ei
510 1478 667 1555 reprimam
691 1477 805 1556 Stygias
827 1479 857 1537 in
881 1484 929 1537 tua
951 1483 1033 1554 terga
1057 1476 1145 1537 iaces.

371 1581 444 1654 Quid
468 1579 533 1642 tulit
556 1599 571 1639 e
594 1578 679 1639 noliis
701 1578 825 1640 violenta
848 1580 968 1640 Lossius
991 1581 1048 1649 ira,

320 1705 346 1746 os
451 1683 598 1761 Expertus
621 1682 695 1742 vires
718 1682 746 1742 in
769 1700 833 1743 nien
856 1682 914 1742 iata
937 1684 1022 1753 suasi

370 1786 455 1847 Hunc
478 1803 532 1863 ego
555 1784 684 1864 periregi
706 1791 859 1869 totumque
881 1783 935 1844 sub
959 1784 1057 1863 infima
1080 1785 1184 1844 mersi:

455 1888 487 1948 Si
508 1888 601 1965 sapiu,
625 1884 759 1964 exempto
782 1887 895 1946 cautior
918 1885 1005 1948 huius
1027 1887 1095 1947 eris.

371 1989 401 2051 Si
424 1997 543 2067 possent
564 1987 677 2049 levibus
699 1989 800 2067 peragi
822 2007 887 2048 mea
910 1995 1030 2067 pectora
1053 1986 1133 2057 telis,

321 2113 346 2152 ra
454 2091 571 2151 Lossius
593 2092 647 2151 iste
670 2090 741 2151 milri
763 2090 841 2168 quod
865 2092 946 2168 cupit
968 2108 1032 2151 csse
1055 2091 1147 2158 torot;

373 2193 429 2255 Sed
453 2195 520 2273 quia
543 2194 737 2272 nequicquam
761 2193 864 2253 restris
886 2193 1049 2253 invadimur
1071 2193 1176 2259 armis,

456 2293 626 2356 Considium
649 2301 693 2354 est
715 2294 779 2355 telis
801 2294 975 2355 abstinuisse
998 2295 1064 2354 tuis.
1125 2309 1127 2313 ’

683 2482 837 2557 {Elauia
872 2481 943 2557 Vn]

509 2601 558 2651 AD
579 2600 745 2651 IOANNBM
764 2600 914 2650 CROTVM
932 2599 1122 2651 RVBIANVM

672 2706 856 2749 stinulsrnvn
871 2706 961 2749 SVVM.

370 2822 463 2884 Notus
485 2842 567 2883 amor
589 2823 680 2883 nostri
701 2828 869 2901 tentataque
890 2822 1001 2883 foedera
1024 2823 1097 2882 votis

457 2925 502 2986 dic
525 2934 636 2988 sortem
660 2926 735 2985 hanc
759 2926 847 2984 variis
868 2923 1017 2986 insinuare
1039 2922 1150 2986 iubent

372 3028 444 3100 Quis
459 3027 526 3087 velit
540 3026 703 3106 hospitibus
718 3029 905 3105 peregrinam
921 3027 1076 3088 ostendere
1091 3026 1238 3097 fraudem,
1286 3023 1451 3112 imm„

335 3151 346 3191 i
455 3131 512 3190 dut
534 3128 662 3198 cladem,
687 3148 741 3209 qua
765 3135 796 3188 tu
820 3128 859 3190 nil
882 3147 1033 3199 moveare,
1057 3128 1160 3207 queri?

374 3231 424 3294 Vix
448 3234 536 3293 etiam
556 3232 619 3293 haec
643 3249 729 3291 veros
750 3230 900 3292 lachrimis
923 3232 1042 3291 iuducet
1063 3231 1186 3301 amicos,
1216 3275 1221 3284 .

456 3335 493 3396 Ut
515 3334 589 3396 soiet
610 3352 627 3394 a
648 3334 765 3394 damma
788 3335 967 3411 proximiore
990 3332 1104 3394 domus.

373 3438 448 3498 Ecce
470 3436 553 3501 sedet
575 3436 731 3515 Musasque
753 3436 829 3495 inter
851 3435 1051 3515 pulchrosque
1072 3432 1203 3504 labores,

334 3559 346 3598 e
454 3539 490 3600 Et
512 3540 604 3600 nostri
627 3557 729 3599 curam
752 3537 857 3598 Crotus
880 3538 991 3599 amicus
1012 3536 1109 3606 habet,

372 3641 447 3702 Huic
469 3639 540 3701 nihii
562 3640 620 3700 huc
642 3647 703 3700 toto
726 3641 830 3700 semoti
852 3641 1026 3718 scripsimus
1048 3656 1140 3709 anuo,

457 3741 563 3819 lgnaro
586 3760 651 3820 quae
673 3760 720 3801 me
744 3743 854 3802 nutriat
876 3736 927 3801 ora
951 3757 1071 3818 vagum,

238 3893 260 3927 ⁸⁷
279 3895 376 3946 Crines
396 3888 680 3961 ἰατρομαθηματικός
699 3894 910 3958 ,Massiliensis
931 3900 991 3945 arto
1010 3894 1161 3960 geminato,
1180 3899 1211 3943 ut
1229 3894 1339 3945 cautior
1351 3894 1472 3961 religio*

170 3981 294 4046 siorque,
318 3980 354 4030 ad
377 3980 496 4030 sidorum
519 3985 607 4030 motos
631 3996 665 4030 ex
688 3979 865 4044 ephemerida
888 3973 1096 4030 mathematico*
1112 3978 1190 4030 cibos
1212 3978 1302 4030 dando
1325 3979 1481 4047 horasque

170 4065 342 4115 observando
362 4065 528 4115 auctoritate
542 4079 602 4114 oum
616 4062 800 4130 [Thessalum
820 4066 936 4116 Neronis
948 4065 1106 4132 principatu
1119 4061 1271 4129 florentem]
1290 4067 1480 4129 praecessit'.

170 4152 237 4200 Ptin.
251 4150 285 4200 Π.
298 4151 331 4201 N.
345 4150 444 4201 xxix.
461 4148 482 4208 1,
495 4158 517 4198 5.
569 4147 591 4182 ⁶⁸
608 4150 794 4215 Hippocrates
807 4150 988 4216 Asclepiades
1000 4147 1160 4200 Heraclides
1172 4148 1253 4208 filius,
1267 4149 1354 4211 Cous,
1374 4153 1485 4201 scien*

171 4237 217 4286 tio
236 4236 351 4286 modicas
370 4250 480 4301 parens.
538 4233 558 4267 ⁶¹
579 4239 652 4288 inicit
675 4236 769 4300 quitis,
790 4238 813 4284 1.
883 4235 905 4267 ⁶⁸
923 4235 1010 4301 [tinius
1029 4238 1052 4285 1.
1071 4235 1120 4285 aed
1135 4235 1295 4284 corr.Hutt.
1314 4240 1341 4284 et
1359 4241 1480 4286 cettan,

169 4319 192 4352 ⁶⁷
209 4321 281 4374 uobis
299 4325 322 4370 1.
340 4323 388 4371 sed
404 4328 453 4371 oet.
472 4337 503 4374 m.
517 4335 561 4372 ere.
573 4323 621 4372 mei
635 4321 699 4383 fecit
719 4334 749 4383 n¹
769 4337 825 4386 qum
843 4323 929 4370 littera
946 4323 972 4371 io
990 4336 1032 4371 ex.
1049 4320 1144 4385 Grppd.
1156 4335 1237 4384 cupra
1254 4332 1270 4373 u
1287 4324 1421 4386 sequentia
1439 4339 1463 4372 o.

169 4405 279 4459 distentu
294 4409 382 4471 posito
404 4412 451 4457 cst.
521 4403 543 4437 θ’
561 4411 701 4471 totamque
721 4408 779 4458 Η.
796 4407 873 4469 folco.
926 4403 948 4436 ⁷³
965 4406 1150 4470 nequidquam
1167 4408 1193 4455 2.
1202 4407 1228 4456 3.

237 4489 281 4554 &a
300 4489 328 4552 J.
348 4489 434 4544 crito
452 4491 532 4543 rubin.
553 4492 642 4556 monio.
662 4487 709 4556 [tui
727 4496 750 4541 1.
788 4491 870 4541 Croto
889 4491 944 4540 ium
963 4491 1035 4540 intra
1053 4490 1157 4542 moenio
1173 4488 1320 4540 Fuidensis
1339 4490 1494 4542 abbatie

171 4577 411 4628 coniunctissimus
431 4577 484 4626 suit
502 4576 649 4627 Huttonuu.
703 4576 711 4609 ¹
732 4576 803 4629 Otus
823 4580 846 4627 1.
866 4582 892 4626 ut
910 4578 1028 4626 uriniutor
1045 4575 1069 4628 ll
1087 4577 1252 4641 adpinperet,
1272 4588 1289 4628 n
1306 4591 1362 4642 seq.
1381 4560 1510 4627 κτενί

168 4665 367 4726 proepoaitosset.
412 4661 490 4726 fructu
504 4665 526 4713 1.
569 4660 673 4716 'Quin
686 4665 709 4712 1.
723 4663 771 4712 sed
787 4679 855 4712 corr.
870 4663 943 4711 Hutt.
957 4669 983 4711 et
994 4667 1053 4711 vett.
1066 4678 1097 4713 m.
1143 4659 1210 4725 15Ιμε
1222 4664 1246 4711 1.
1293 4658 1504 4727 lacrymisto

169 4744 199 4777 Ἀθ
212 4745 854 4814 ΟἱᾱοὋτοῐοἯγςίηψοοι.αεῑτ.27.ἰει1).“ὶ·ὶ4.
886 4745 953 4796 ⁹Ci.
969 4747 1049 4811 epist.
1064 4746 1311 4798 vol.1.num.v111.
1349 4743 1370 4778 ¹⁰
1381 4750 1460 4810 que!
1478 4770 1503 4786 ο
