3294 5408
268 366 339 440 194
395 398 433 434 AD
445 398 605 434 ELBGTOBEB
619 398 788 441 lismonam.
802 399 995 435 GERMANORVM
1009 399 1158 434 Pnlncteae
1171 398 1282 432 ΟΔΒΙΕΝ
1297 399 1417 433 EXHOBT.

432 573 434 578 ·
464 557 503 613 Et
516 558 603 629 penti,
623 571 684 629 qnae
701 562 830 627 prompta
852 555 906 627 snit
925 555 1075 628 defendere
1094 556 1225 612 bonorem

465 643 545 699 Sedis
563 643 721 713 apostolica
743 643 889 712 totiensque
905 656 962 713 per
983 658 1064 695 arma
1083 645 1166 710 tueri,

467 729 613 784 Germanae
630 726 774 782 arbitrium
795 732 908 781 uentura
931 729 958 781 in
981 728 1055 792 secla
1078 728 1195 782 creandi

463 813 696 884 Induperatores,
707 840 708 844 =
719 811 754 865 ab
775 811 869 866 eadem
889 813 918 866 in
937 811 1045 883 soedere
1064 819 1137 868 tanta

391 942 397 957 .
425 917 451 957 no
464 898 586 969 Accepta
605 899 717 952 iurante
737 897 805 968 fide,
827 897 891 968 sore
911 906 1069 968 semperne
1090 899 1150 953 illos

469 983 593 1052 Viribus,
616 984 721 1038 anxilio
744 988 827 1054 alque
848 984 935 1037 arnn's
954 983 1103 1055 opibusque
1120 986 1225 1040 iuvaret

462 1067 498 1125 ln
518 1068 603 1124 dean
623 1069 733 1140 anqnsti
751 1068 801 1122 sed
817 1068 958 1135 cuintinz's,
981 1070 1064 1141 inque
1083 1070 1199 1124 salntem

461 1153 587 1210 Humani
605 1155 715 1226 pencris
735 1157 840 1208 sancta
861 1158 888 1207 et
906 1167 993 1224 super
1012 1155 1104 1208 omnia
1127 1155 1224 1209 matris

462 1240 610 1306 Εεεὶθείω,
632 1245 715 1310 uque
736 1252 820 1294 onere
836 1236 914 1293 baud
927 1254 1021 1310 paruo
1044 1245 1184 1295 constaret
1201 1239 1317 1310 adeptus

424 1341 451 1382 es
468 1325 573 1380 Tantus
588 1313 677 1379 bonor
698 1324 817 1396 (merito,
838 1337 927 1395 neque
947 1325 1018 1378 enim
1038 1324 1179 1380 sublimior
1199 1325 1271 1380 ullus

461 1409 560 1466 Posset
577 1411 606 1464 in
625 1407 690 1464 orbe
711 1407 786 1481 dan)
808 1407 854 1464 tibi
872 1411 926 1478 sie,
950 1409 1114 1480 Germania,
1136 1410 1198 1466 iure

464 1496 550 1553 Gessit
569 1494 659 1550 Roma
680 1509 745 1562 sua,
766 1496 809 1550 sic
828 1501 856 1548 ct
875 1494 922 1549 tibi
941 1509 1057 1550 manne
1082 1495 1185 1564 Tibris,

463 1579 576 1648 Ilbene,
599 1578 692 1634 datum
714 1579 840 1652 nunquid
856 1581 976 1635 retinere
997 1580 1109 1653 neqabis
1127 1580 1257 1636 borrorem

460 1665 498 1721 tn
516 1677 608 1738 reqem
626 1664 730 1737 fulcire
753 1669 848 1719 tuum?
868 1667 915 1720 eui
935 1671 1054 1737 quantus
1074 1666 1191 1721 babetur

423 1767 449 1807 to
464 1749 571 1818 Cultus,
594 1751 672 1806 adest
685 1751 747 1805 lans
767 1756 843 1805 tanta
865 1749 924 1810 ube·
944 1757 1130 1824 quantumque
1151 1758 1280 1807 verentur

460 1836 557 1904 Itium,
580 1841 604 1891 te
626 1841 748 1891 manunt
762 1850 872 1898 omnes‚·
890 1842 1075 1909 quantumque
1092 1836 1200 1907 [crebis

462 1923 604 1993 Auqtestis,
627 1926 654 1976 et
674 1927 765 1976 tantus
786 1922 852 1976 eris.
895 1919 973 1975 Prote
994 1923 1111 1976 nominis
1125 1923 1187 1977 otim

461 2004 583 2062 Ooesarei
595 2005 716 2062 ,sublime
737 2005 837 2074 decas,
860 2009 1013 2061 reverentia
1036 2016 1062 2061 et
1082 2008 1178 2079 inqens

462 2089 612 2160 Maiestas,
638 2091 743 2163 diffuso
762 2093 857 2163 polum
877 2106 932 2162 per
954 2097 1115 2165 atrumque!
1136 2091 1245 2147 timebat

423 2193 449 2233 ts
463 2173 543 2244 Quod
561 2175 678 2249 Scyllia,
697 2176 771 2248 quod
793 2177 945 2246 Garamas,
968 2177 1115 2233 exhorruit
1135 2180 1228 2232 ultima
1248 2176 1350 2249 Thyle.-

461 2261 581 2318 Decalar
601 2262 694 2317 andito
713 2279 766 2334 quo
787 2264 896 2317 nornine
913 2263 1014 2334 palluit
1031 2262 1137 2319 Indus:

464 2346 579 2414 Taleae,
602 2346 773 2419 bellipotens,
795 2347 847 2403 sab
869 2354 907 2416 te,
932 2348 1095 2415 Germania,
1118 2362 1216 2403 nomen

464 2432 568 2488 Obduci
583 2434 691 2504 patiere
711 2434 778 2501 situ,
799 2438 836 2488 tol
854 2448 957 2506 reque,
981 2439 1018 2488 tot
1038 2432 1121 2489 urbes

465 2516 566 2589 Totque
587 2517 671 2574 daces
688 2519 835 2589 complexa
857 2522 911 2575 tais
932 2521 961 2574 in
980 2518 1100 2590 finibus?
1118 2534 1184 2592 erqo

369 2649 374 2659 .
424 2618 450 2658 no
464 2601 525 2657 Par
546 2602 608 2659 arbi
625 2604 699 2676 quad
713 2603 804 2659 Rama
824 2604 883 2660 latit
900 2604 1019 2676 eoetoque
1035 2605 1146 2672 locarit,

452 2687 502 2743 ·Te
524 2687 603 2744 moda
621 2705 696 2744 nunc
714 2690 763 2744 tali
780 2695 909 2762 tantaque
926 2695 1015 2745 tuente
1034 2689 1150 2745 iacebit?

462 2772 591 2829 Reddidit
611 2781 637 2830 et
661 2773 767 2830 Tiberis
787 2774 861 2847 quod
877 2773 1053 2847 formidabile
1073 2775 1188 2842 mundo,

462 2857 612 2915 innumera
634 2860 744 2915 adiutus
757 2862 889 2917 nitescere
906 2861 1020 2931 (tamine
1042 2866 1147 2927 tantus,

462 2944 573 3013 Rhene,
595 2943 690 3016 seres?
707 2960 875 3017 proceresne
895 2945 990 3018 ferent
1009 2948 1169 3019 copnomino
1189 2945 1287 3017 Meque

422 3045 447 3084 es
460 3030 518 3085 Dat
538 3030 648 3102 quibus,·
670 3037 751 3102 atque
771 3033 838 3095 tau,
859 3032 948 3086 uicina
968 3032 1089 3099 Colania,
1112 3031 1199 3102 apim

464 3114 561 3173 Treuir
582 3122 609 3172 et
627 3118 771 3187 antiquas·
792 3117 835 3172 uel
851 3117 955 3188 ariqine
975 3117 1069 3172 claren
1090 3115 1221 3172 Otbamnn

463 3199 558 3262 Suam·
580 3191 726 3256 Palatinus
746 3203 827 3257 titulis
849 3208 875 3256 et
894 3201 996 3257 babere
1015 3201 1139 3274 superbit

464 3286 501 3341 Te
521 3288 569 3358 qui
583 3289 645 3343 iure
661 3287 734 3348 sues,-
753 3287 894 3360 Albimqne
910 3289 999 3343 locata
1024 3287 1170 3360 Visurqum

461 3372 549 3444 Atque
572 3373 643 3428 inter
662 3374 736 3444 reqio
757 3389 831 3428 nunc
851 3371 981 3428 Marcln'a
1003 3375 1126 3436 nomine‚·
1147 3374 1244 3446 cuique

327 3553 350 3586 ²⁸
368 3553 524 3605 deffendere
544 3558 568 3605 1.
625 3554 647 3588 ²⁸
666 3555 816 3623 Germane:
837 3556 981 3606 arbitrium
1000 3561 1029 3607 et
1047 3554 1124 3606 secla
1142 3558 1169 3605 t.
1225 3552 1247 3586 ²⁹
1266 3555 1360 3604 tedere
1379 3558 1403 3604 1.
1463 3553 1486 3586 ⁸²
1505 3571 1552 3605 nu-

259 3641 334 3707 gubii
358 3636 495 3704 culminis]
522 3641 538 3691 i.
552 3656 574 3690 e.
588 3642 754 3705 imperatorii.
823 3639 845 3673 ³⁸
868 3642 940 3693 hum.
955 3638 1029 3708 gem]
1049 3643 1066 3691 t.
1085 3657 1108 3690 e.
1118 3656 1207 3705 paple.
1238 3640 1277 3690 Iis
1299 3642 1362 3705 ipsis
1381 3640 1440 3702 sere
1464 3641 1552 3691 diebus

260 3731 318 3774 ante
337 3741 400 3791 quoe
417 3725 465 3775 bac
481 3741 583 3775 carmen
600 3732 755 3792 conpositam
773 3742 828 3776 eene
846 3728 953 3785 ridetur,
972 3733 1082 3777 exeunte
1095 3725 1237 3776 Februario
1256 3727 1317 3775 anni
1329 3728 1403 3776 1510.
1419 3727 1508 3775 taliam
1521 3732 1552 3777 1t.

173 3854 176 3861 ,
259 3826 313 3859 cnm
335 3810 439 3860 Venetis
459 3826 550 3874 pacem
575 3812 710 3878 soedasqne
734 3819 826 3862 contra
846 3813 931 3863 Gallos
946 3813 1042 3875 secisse
1064 3818 1174 3861 constat.
1245 3809 1268 3842 ⁸⁵
1289 3809 1388 3861 honor:
1410 3812 1509 3862 merito
1529 3816 1552 3861 t.

259 3892 282 3926 ⁸⁸
299 3893 374 3944 dari:
392 3895 444 3944 tibi
458 3898 481 3944 t.
507 3956 508 3963 ἵ
533 3893 555 3928 ‘²
575 3897 642 3946 eris:
663 3897 731 3963 proh
744 3900 768 3946 1.
821 3895 947 3963 4⁶2.eqq.]
967 3897 1243 3962 ReqeeGermanorarn
1260 3899 1320 3947 inde
1339 3897 1552 3947 aGoesareIatin

260 3980 424 4045 Aaqnetoqne
444 3978 579 4032 Octauiano
598 3981 725 4031 dedaoere
747 3985 848 4046 recepti
864 3986 941 4033 moris
956 3984 1017 4046 salt.
1086 3980 1109 4015 ⁴⁴
1125 3982 1273 4033 Maiestas:
1298 3980 1399 4032 diffusa
1417 3982 1511 4048 polum
1530 3988 1552 4034 t.

258 4062 282 4097 ⁶⁴
298 4062 436 4131 proceres]
454 4072 550 4130 septem
568 4070 692 4118 electores
710 4071 887 4132 conpellantur
909 4070 1000 4119 misere
1023 4070 1148 4118 contortis
1170 4069 1384 4134 transponitieqae
1406 4067 1503 4126 nerbie,
1526 4075 1552 4117 at

259 4163 361 4200 carmen
378 4152 411 4200 sit
430 4153 498 4216 qnod
514 4169 615 4202 carmen
632 4170 682 4203 non
700 4160 747 4203 est.
809 4152 1020 4218 Subscripeernnt
1038 4153 1151 4203 receeeai
1166 4155 1268 4218 imperii
1287 4153 1360 4204 {sciet
1377 4152 1509 4204 Erzbiecb.
1523 4171 1553 4204 :u

261 4238 361 4297 Mainz,
385 4241 411 4289 in
430 4240 581 4313 Germqnien
599 4237 771 4298 [intonalem
795 4238 875 4288 Iacob
893 4239 972 4288 Erzb.
991 4256 1021 4289 :u
1043 4239 1120 4289 Trier
1141 4240 1168 4288 in
1188 4239 1284 4288 Gallica
1308 4240 1361 4288 and
1376 4239 1470 4288 Aretat
1487 4239 1553 4289 Ere·

259 4323 371 4382 banzler,
389 4324 491 4390 Pbilipp
510 4323 588 4373 Erzb.
602 4339 632 4372 zn
652 4323 713 4373 oben
731 4324 811 4374 durcit
829 4324 924 4374 Italica
941 4325 1114 4387 Erztcanzler,
1135 4325 1241 4390 hrrdwlq
1259 4324 1400 4389 Psalzq‘rnfi
1412 4323 1461 4387 bey
1473 4325 1554 4374 tibein

260 4408 456 4467 anemonen,
475 4409 611 4459 Friedrich
629 4409 735 4474 Iterzaq
753 4425 784 4458 zu
802 4409 917 4460 Sacbren
936 4410 1136 4467 Erzmarscbatl,
1160 4426 1209 4459 ron
1226 4425 1312 4474 neqen
1331 4409 1477 4473 ritarteqraf
1492 4411 1554 4461 Ioa-

153 4502 160 4512 '
260 4495 323 4545 abun
340 4510 370 4544 :a
388 4495 577 4560 Brandenbnrq
595 4494 731 4559 Eitelnnlf
743 4511 789 4545 ron
808 4494 881 4545 Stein
901 4497 996 4552 liitter,
1015 4508 1045 4548 et.
1060 4509 1089 4548 u.
1161 4511 1241 4561 cogn.
1255 4494 1304 4544 dat
1322 4493 1432 4561 quibus]
1454 4498 1554 4547 orcirle-

258 4581 361 4644 piecopi
377 4578 527 4646 Moqnnlini.
597 4577 620 4610 ⁶⁶
642 4580 803 4630 Trevirorum
827 4581 912 4631 urbem
936 4587 1010 4631 nnnle
1029 4584 1105 4631 1300.
1120 4588 1179 4630 ante
1199 4583 1299 4632 Romam
1323 4583 1450 4631 cnndttnm
1471 4582 1553 4644 faisen

260 4679 277 4713 a
303 4664 411 4714 trebeta
435 4665 607 4716 Semiramidis
626 4668 680 4728 fitia
709 4668 875 4717 sternutabant.
947 4667 968 4698 “⁸
996 4668 1101 4716 Elector
1125 4669 1257 4716 l'nlntinnn
1286 4675 1324 4715 ent
1350 4668 1436 4717 Comes
1463 4669 1551 4717 libeni.

260 4746 282 4779 ω
302 4750 566 4815 Brandenbarqensin.
610 4764 618 4785 Χ

670 4840 680 4867 Ι
