3294 5408
68 388 184 429 ml
192 388 229 427 Ᾰῦ
237 390 303 429 ult.
311 388 524 427 militetur!
536 388 571 423 VT
582 388 694 422 asntvrt
704 387 733 421 ln
744 386 869 422 VEHETOS
878 385 995 428 rhosan.
1003 383 1249 422 BIBOBTATORIVH.
1272 352 1343 427 143

257 546 417 608 immittant
438 544 557 607 Venetis
577 544 690 604 tristem
713 542 786 604 rada
808 540 938 603 Balthica
962 538 1100 611 classem,

342 648 446 718 hrma,
468 647 547 709 vires
569 648 675 724 ingens
697 647 823 706 concitet
844 643 994 711 Oceanus:

259 750 323 813 lluo
344 767 463 830 quoque
484 749 617 811 littoreos
639 755 755 809 moveat
776 765 864 809 eausa
888 749 940 807 ista
965 745 1125 815 Borassos,

208 872 248 914 reo
341 852 493 912 Finitimos
515 851 614 929 agris,
638 851 772 911 Sarmata
794 850 885 919 dure,
908 849 980 917 tuis;

260 954 348 1016 lstula
370 961 414 1015 tot
435 952 568 1022 Venetis,
591 960 634 1013 tot
656 955 776 1013 misceat
798 951 894 1013 Odere
917 957 1036 1029 gentes,

344 1057 496 1136 Causaque
519 1056 650 1117 diversos
672 1055 826 1116 contrahat
848 1072 905 1115 una
928 1053 1045 1115 ducem·

210 1239 215 1248 .
260 1160 337 1232 Quot
359 1156 476 1239 populis
497 1159 655 1237 animoque
677 1164 728 1219 tuo
752 1163 889 1217 contente
912 1154 1045 1217 domabis

193 1250 247 1322 'tu
340 1260 482 1322 Horrihili
504 1260 629 1322 Venetas
651 1259 806 1321 obsidione
827 1277 941 1321 manus.

259 1363 350 1424 hrclet
369 1370 400 1425 et
421 1365 570 1441 antiquam
592 1371 730 1442 repetens
752 1361 908 1423 Germania
930 1360 1047 1423 laudern

344 1464 468 1544 Egregie
490 1467 649 1544 quicquam
670 1463 749 1544 quod
772 1471 857 1541 gerat
878 1482 943 1526 esse
965 1462 1054 1544 cupit.

260 1568 351 1629 Tanta
375 1566 595 1648 quihus-virtus
617 1567 748 1628 animosa
771 1568 800 1627 in
823 1573 944 1646 pectora
966 1566 1060 1635 venit,

210 1690 248 1732 res
343 1671 380 1731 Ut
401 1672 522 1749 cupiant
543 1668 645 1731 laudes
667 1671 774 1748 iugiter
796 1671 839 1730 ire
861 1675 942 1738 tuas,

263 1773 373 1852 Sponte
395 1790 448 1833 sua
470 1773 572 1850 quite
594 1790 676 1832 arma
698 1779 817 1851 petunt,
840 1770 941 1851 praebe
963 1787 1053 1850 ocyus
1074 1767 1137 1830 illis·

347 1875 522 1936 Fomeutum
546 1892 652 1952 pugnae
674 1876 885 1953 materiamque
907 1890 1005 1943 noram

262 1976 365 2038 Praehe
386 1976 443 2038 illis
465 1995 523 2056 quo
546 1994 577 2037 se
599 1977 702 2056 primis
724 1984 860 2038 exerceat
881 1977 966 2037 annis

211 2098 250 2140 aar
344 2079 441 2158 Siquis
464 2079 493 2139 in
516 2079 571 2139 hac
594 2078 679 2139 turha
703 2078 823 2140 sedulus
846 2096 910 2139 esse
933 2079 1029 2155 eupit:

263 2181 363 2261 Tiirpe
386 2188 429 2242 'est
450 2183 480 2242 in
503 2183 598 2259 primo
621 2181 741 2242 iuvenes
761 2189 932 2259 torpescere
954 2180 1029 2241 llore

347 2284 384 2344 Et
406 2282 478 2344 nihil
500 2283 592 2345 atatis
614 2284 640 2342 ri
663 2281 784 2343 meliore
807 2285 880 2352 irui3

263 2385 363 2465 Turpe
386 2393 430 2447 est
451 2404 532 2446 arma
554 2394 610 2446 tuae
633 2392 724 2446 tracta
747 2385 884 2463 rubigine
906 2385 1001 2464 gentis

167 2497 179 2515 ‘
212 2507 250 2547 aro
347 2486 423 2548 Olim
447 2486 526 2549 clara
547 2488 619 2549 loris
642 2505 721 2548 nunc
743 2487 861 2549 latuisse
883 2488 979 2556 domi;

265 2590 364 2669 Turpe
387 2599 431 2651 est
452 2589 585 2651 imbelles
606 2588 731 2668 populos
754 2589 938 2668 Venetosque
959 2592 1081 2670 lugaoes

350 2690 493 2771 Egregios
515 2694 605 2754 armis
627 2692 784 2754 sollicitare
805 2693 909 2754 duces:

266 2919 324 2975 llne
346 2935 456 2993 quoque
477 2918 604 2974 littoreos
627 2927 732 2975 moveat
750 2918 838 2991 furor
859 2921 903 2975 ille
925 2922 1073 2983 Borumos,

350 3005 492 3060 Finitimos
514 3003 601 3077 agris,
625 3003 746 3060 Sarmata
768 3004 851 3067 duro,
875 3007 943 3070 tuis;

265 3089 348 3146 lstula
372 3098 413 3145 tot
435 3089 560 3153 Venetis,
585 3096 626 3145 tot
648 3091 758 3146 misceat
780 3089 866 3146 Odera
889 3099 998 3163 gentes.

216 3190 254 3231 ros
349 3173 488 3249 Causaque
510 3175 632 3230 diversos
654 3175 797 3231 contrahat
819 3192 872 3231 una
893 3176 991 3232 eluces:

266 3261 319 3316 His
340 3260 451 3335 populis
473 3260 618 3333 animoque
642 3267 689 3316 tuo
712 3268 839 3316 contente
861 3261 984 3319 domabis

353 3345 481 3401 llorrihili
505 3345 619 3401 Venetas
643 3345 784 3402 obsidione
807 3363 910 3402 tiranno.

268 3432 351 3487 hrclet
371 3439 399 3505 et
422 3432 558 3504 antiquam
581 3438 707 3504 repetens
730 3431 871 3488 Germania
893 3431 999 3489 laudem

218 3531 255 3574 ata
349 3515 462 3589 Egregie
486 3516 629 3589 quicquam
653 3515 726 3590 quod
746 3524 825 3589 gerat
847 3535 907 3573 esse
929 3519 1014 3591 capit.

269 3603 352 3660 Tanta
375 3601 474 3675 quibus
496 3602 583 3656 virtus
605 3604 708 3657 omisso
731 3602 758 3656 in
780 3610 891 3675 pectora
913 3604 1000 3666 venit,

354 3688 386 3743 Ut
408 3687 518 3760 cupiant
539 3687 616 3742 licucli
635 3688 807 3743 consuluisse
824 3703 899 3752 suoe,

270 3774 371 3847 Sponte
394 3790 443 3828 sua
464 3772 562 3844 quibos
583 3789 657 3828 anna
676 3774 799 3843 placent,
821 3773 911 3846 praelio
933 3775 1014 3829 illicet
1034 3776 1091 3831 istis

219 3872 256 3912 am
352 3859 510 3914 Fomentum
535 3875 633 3930 pugnae
656 3858 851 3932 materiamque
873 3876 965 3924 novem

269 3943 364 3999 Praehe
386 3942 440 3998 illis
463 3959 518 4015 quo
541 3960 569 3999 so
591 3943 686 4016 primis
708 3951 830 3999 exerceat
852 3945 944 4007 annis,

355 4029 383 4084 Si
407 4030 467 4101 (ptris
491 4028 516 4082 in
539 4026 588 4082 hae
612 4028 689 4084 turha
711 4029 820 4084 bellicus
841 4046 902 4086 esse
923 4031 1013 4105 eupit:

272 4115 361 4188 Turpe
385 4123 427 4169 ost
450 4113 481 4167 in·
499 4113 587 4186 perimo
611 4113 720 4170 iuvenes
743 4122 899 4187 torpescere
922 4116 988 4172 llere

220 4213 259 4255 aco
353 4198 385 4255 m
407 4197 474 4254 nihil
497 4199 584 4254 ‹utatis
607 4200 631 4254 vi
654 4198 767 4255 meliore
790 4200 857 4263 irui;

272 4286 361 4359 Turpe
383 4293 426 4340 est
447 4301 520 4339 arma
543 4291 595 4338 tuae
619 4293 703 4340 tracta
726 4283 852 4356 rubigine
874 4286 963 4358 gentis

357 4369 426 4426 Olina
448 4367 518 4425 clara
542 4367 609 4425 ioris
632 4386 703 4425 nunc
724 4368 838 4424 latuisse
860 4369 947 4433 ‹lomi;
1300 4384 1357 4435 (aaa)

274 4455 363 4530 'lirrpe
386 4464 428 4512 est
452 4453 573 4511 imbelles
595 4455 713 4531 populos
736 4454 908 4528 Verrotosque
932 4456 1041 4528 fugaces

221 4542 259 4596 rh
355 4539 486 4613 Egregios
508 4542 607 4596 animis
629 4539 776 4597 sollicitare
798 4540 889 4597 eluces.
1301 4553 1357 4605 (aas)

70 4673 274 4683 —————-

140 4739 171 4773 ⁴⁸¹
191 4741 249 4807 lat]
270 4734 391 4800 Vistula,
416 4740 551 4791 Wec'rlesei.
604 4741 671 4792 (lura
691 4745 764 4794 3...5.
818 4741 932 4790 miserat
949 4740 1007 4791 edd.
1055 4735 1088 4771 ²²⁴
1106 4738 1258 4804 aegregios
1278 4739 1302 4787 t.
