3294 5408
274 387 422 423 aruncum
434 387 528 423 BERV!
541 384 710 423 VERBTARVU
722 383 917 422 ΡΔΕΙΜΙῙΟῚΙ
929 385 949 421 1.
963 382 1189 421 ΕΙΙΒῚἮΜΜΟΙ.

467 1172 593 1231 urnas
613 1144 780 1232 Auream
798 1169 1007 1230 srssssrsr

314 1289 445 1341 RERVM
466 1289 705 1341 VENETARVM
720 1287 989 1342 PANEGYRICVS
1006 1286 1151 1339 PRIMVS

691 1388 772 1440 9701)

578 1477 893 1542 GENETHHAOON

589 1626 592 1631 .
631 1590 833 1635 mscnmrrrn.

291 1717 359 1786 Ocri
379 1733 511 1792 superum
532 1719 600 1776 miti
616 1722 726 1793 plectra
748 1720 836 1789 dabit,
859 1720 921 1793 φάε
939 1727 1017 1777 certa
1038 1721 1149 1793 roganti

293 1805 359 1860 θεία
374 1804 481 1877 pandet
496 1808 548 1862 iter
570 1805 751 1879 Cirrisaeaque
771 1808 800 1862 in
820 1813 903 1861 antra
925 1810 1067 1878 receptum

291 1888 415 1946 Instruet
432 1891 519 1948 Aonio
540 1896 643 1948 contu?
664 1892 734 1948 videt
754 1892 843 1948 Adria
862 1897 952 1946 mater

290 1975 415 2031 Priame
432 1975 517 2044 diem,
536 1977 606 2048 flavi
620 1993 673 2049 quo
696 1976 823 2051 Tybridis
842 1978 942 2032 aemulc
961 1975 1070 2032 undem

266 2061 383 2118 sAbiuit
403 2064 538 2133 sequorer's
553 2069 710 2118 nascentem
727 2062 854 2134 aucuns
872 2062 983 2129 urbem,

296 2146 395 2204 Urbem
417 2152 556 2203 terrarum
577 2149 692 2220 imperio
708 2149 854 2221 pelagique
865 2154 1017 2221 potentem,

292 2230 381 2300 Quum
400 2235 670 2305 premiosomplexu
688 2233 778 2306 [ovet.-
798 2249 855 2290 non
872 2233 1039 2290 prunoet
1058 2230 1156 2300 Euan,

292 2316 354 2374 Non
374 2317 442 2373 midi
460 2317 610 2392 Pegasides
629 2319 755 2375 dederim
773 2320 803 2375 in
824 2321 951 2376 connino
970 2319 1042 2376 sires

90 2518 176 2568 Recte
196 2516 305 2584 quidem
323 2517 428 2568 monuit
440 2517 585 2569 Cochlaeua
603 2516 669 2584 (vol.
683 2521 706 2570 1.
718 2537 746 2588 p.
761 2518 829 2584 126.)
848 2519 928 2585 „eius
947 2513 1084 2584 [Hutteui]
1096 2517 1218 2569 Marcum
1240 2514 1312 2585 [cum
1329 2518 1376 2569 he-

91 2603 166 2653 roico
185 2602 218 2653 de
237 2603 380 2668 piscatura
397 2601 575 2670 Venetorum]
593 2609 659 2655 tnnc
677 2611 753 2657 recte
773 2605 910 2672 accipies,
930 2618 1011 2670 quum
1028 2603 1104 2669 prius
1121 2603 1225 2671 legeris
1243 2604 1377 2655 Sabellici

91 2703 202 2738 carmen
215 2687 249 2737 de
261 2687 426 2740 Venetorum
439 2693 501 2740 ortu
514 2693 542 2739 et
560 2689 619 2740 isto
639 2687 668 2755 [i.
682 2706 703 2740 e.
717 2690 779 2741 hmo
797 2705 858 2756 quse
872 2687 1092 2741 ‘Genethlisoon'
1111 2693 1139 2740 et
1152 2687 1319 2740 ‘oraculum’
1338 2691 1377 2745 in,-

91 2768 277 2839 scribuntur],
301 2773 350 2823 sed
372 2788 426 2824 non
449 2773 504 2824 uiri
527 2789 583 2824 uua
606 2781 736 2840 exparte
759 2791 854 2827 verum
874 2772 1007 2841 estquod
1029 2772 1078 2825 ille
1101 2773 1202 2836 adicit,
1226 2773 1284 2836 „nil
1305 2776 1377 2824 enim

92 2859 191 2922 qnaerit
207 2858 260 2908 iste
278 2858 390 2908 Marcus
408 2858 461 2908 nisi
479 2858 635 2927 irrisionem
654 2875 747 2910 eorum
765 2861 937 2911 iactantiae”:
955 2874 1019 2910 uam
1036 2860 1191 2921 fluitemus,
1209 2864 1240 2909 ut
1258 2859 1312 2909 fuit
1329 2875 1377 2924 pr-

91 2944 155 2992 triae
173 2943 379 2993 amantissimus
394 2942 490 3005 homo,
515 2958 569 3009 quo
588 2960 682 2995 amore
700 2944 845 3012 Cochlaeus
863 2932 960 3010 parum
977 2943 1153 3006 movebatur,
1177 2945 1206 2993 in
1225 2944 1253 2993 id
1272 2959 1378 3009 quoque

92 3028 272 3078 cummaxime
292 3028 410 3078 animum
434 3028 604 3093 intenderat,
628 3034 659 3079 ut
677 3030 829 3081 Germanos
846 3044 909 3081 suos
927 3030 963 3080 ad
980 3028 1082 3080 bellum
1100 3032 1197 3080 contra
1214 3029 1307 3080 hostes
1324 3029 1377 3078 Ve-

92 3117 173 3163 netos
190 3117 301 3162 strenue
319 3112 537 3178 prosequendum
556 3094 754 3166 exirortaretuf.
791 3114 915 3167 Cochlmi
934 3114 1078 3166 adnotatio
1094 3113 1333 3165 Foerstemannum
1351 3114 1378 3162 in

93 3213 155 3248 eum
174 3212 293 3248 errorem
312 3197 427 3260 induxit,
446 3202 478 3248 ut
495 3199 656 3265 opinaretur
667 3202 791 3251 Marcum
810 3200 865 3251 dici
882 3201 935 3252 hoc
953 3215 1065 3252 cannen
1078 3215 1095 3250 a
1107 3198 1241 3250 Sabellici
1259 3198 1377 3259 nomine,

92 3298 155 3334 cum
173 3300 190 3334 a
208 3287 305 3333 sancto
317 3283 412 3335 Marco
424 3284 601 3335 Venetiarum
619 3292 734 3350 patrono
753 3286 921 3351 adpellatum
939 3300 1001 3337 esse
1018 3284 1195 3336 manifestum
1214 3285 1259 3334 sit.
1280 3276 1317 3320 —-'
1330 3283 1378 3333 Sa·

92 3367 189 3420 bellici
207 3369 344 3429 carmina,
365 3384 425 3435 quur
442 3369 588 3420 Huttenici
607 3372 721 3438 egregia
739 3372 819 3439 quasi
836 3371 1028 3438 supplements
1045 3370 1289 3433 conmentariaque
1307 3374 1378 3430 sunt,

93 3453 217 3518 quamvis
234 3454 365 3504 Fortunio
383 3455 463 3504 triste
482 3456 535 3506 iter
553 3457 630 3506 circa
648 3473 754 3508 omnem
771 3456 882 3508 Italiam
902 3455 1012 3522 aliaque
1030 3470 1085 3506 uon
1103 3453 1194 3516 nulla,
1215 3453 1311 3503 redium
1330 3455 1379 3504 im·

93 3540 188 3605 primis
201 3536 316 3589 moleste
330 3539 388 3589 tere
402 3540 537 3604 recensio,
556 3539 682 3607 longiora
700 3542 855 3604 videantur,
875 3543 916 3592 ita
934 3541 1090 3608 recognovi,
1108 3544 1140 3590 ut
1156 3539 1256 3589 menda
1274 3538 1379 3604 iupedi-

92 3629 239 3689 mentaque
259 3638 319 3688 quse
337 3624 477 3674 scribendi
497 3631 525 3674 et
542 3627 756 3694 interpungendi
774 3620 870 3694 parum
888 3631 980 3678 rectus
999 3626 1131 3677 editionis
1149 3625 1217 3679 eius.
1237 3639 1291 3689 qua
1310 3629 1380 3687 utor,

93 3727 151 3761 mos
168 3709 318 3759 lectoribus
336 3709 461 3759 obiceret
478 3708 553 3775 (utor
571 3717 661 3762 autem
680 3713 805 3779 exemplo
824 3712 895 3779 quod
913 3712 973 3763 sina
997 3710 1132 3772 osticium,
1158 3709 1236 3771 suni,
1260 3709 1316 3760 loci
1340 3711 1380 3760 in-

93 3796 233 3846 dicatione
254 3790 422 3860 [Venetia.
438 3793 540 3861 loom]
559 3797 588 3846 in
607 3795 654 3847 iol.
668 3798 710 3848 sic
728 3799 891 3864 inscriptum
909 3796 1012 3865 prodiit
1029 3810 1122 3847 romu
1141 3808 1178 3845 m.
1197 3810 1315 3845 Arrorrr
1336 3811 1380 3845 sr-

95 3897 218 3931 nraarcr.
239 3877 244 3944 Ι
266 3878 477 3930 Genethliacum
495 3880 611 3931 Venetae
636 3883 726 3933 urbis:
750 3884 785 3934 ad
809 3883 957 3948 Georgium
980 3880 1137 3933 Cornelium
1155 3881 1292 3946 Equitem.
1314 3879 1319 3942 Ι
1338 3881 1381 3930 De

95 3971 231 4032 apparatu
249 3963 364 4014 Venetrc
382 3964 466 4014 urbia.
503 3965 606 4017 Poema
623 3983 715 4018 unum.
732 3967 736 4034 Ι
751 3975 800 4019 etc.
820 3983 883 4019 nam
901 3968 995 4018 Herm.
1014 3965 1174 4017 Torrentini
1192 3966 1382 4016 recensionem

94 4067 155 4101 cum
173 4066 269 4102 comm.
284 4065 309 4099 a.
325 4048 398 4099 1498.
411 4050 448 4099 4⁰.
464 4050 565 4101 editam
585 4048 674 4117 [Hntn.
688 4068 714 4104 n.
732 4051 833 4118 trouu]
852 4053 886 4103 ad
899 4068 995 4103 manns
1007 4067 1059 4103 non
1074 4050 1152 4116 est),
1173 4055 1303 4116 quantum
1321 4065 1381 4116 pos·

94 4151 151 4186 scm
170 4134 303 4197 tollerem,
324 4135 484 4186 adnotarem
504 4142 594 4188 autem
613 4154 703 4204 panca
722 4155 783 4205 quae
800 4137 911 4205 legendi
931 4138 1150 4189 commoditatem
1170 4140 1317 4201 sugerent,
1336 4151 1383 4185 ne-

94 4237 145 4287 que
163 4220 294 4271 indicatis
312 4227 436 4270 veterum
453 4228 595 4286 poetarum
613 4222 684 4274 locis
702 4240 763 4289 qum
781 4223 938 4274 Sabellicus
956 4221 1123 4289 conpilavit,
1142 4236 1231 4287 neque
1249 4222 1383 4272 varianti-

94 4307 144 4358 bus
163 4323 187 4371 q.
202 4322 228 4357 v.
241 4306 385 4371 scripturis
404 4306 551 4372 adscriptis
569 4308 622 4358 nisi
640 4309 687 4360 ubi
707 4310 832 4375 quiedam
850 4309 1005 4360 necessitas
1028 4311 1150 4372 cogeret.
1180 4306 1270 4371 Ipsius
1289 4310 1382 4356 aucto·

94 4392 132 4441 rie
151 4391 281 4441 Historiae
299 4407 389 4441 rerum
401 4391 569 4442 Venetorum
587 4394 622 4443 ab
640 4395 707 4445 urbe
727 4395 841 4445 condita
859 4393 924 4444 libri
936 4394 1062 4444 xxxul.
1076 4397 1105 4442 et
1122 4392 1150 4440 in
1168 4390 1264 4457 primis
1282 4391 1383 4443 Frano.

94 4476 242 4529 Sansovini
264 4477 372 4527 Venetia
389 4477 453 4525 cited
469 4476 622 4529 nobilissima
639 4487 665 4529 et
681 4483 809 4546 singulare
827 4478 872 4543 (tu
890 4479 987 4529 Venst.
1003 4476 1076 4530 loos.
1089 4475 1138 4540 4⁰.)
1155 4492 1205 4543 pro
1223 4483 1383 4527 conmenta·

419 4561 460 4611 rio
479 4562 582 4614 adhoc
602 4580 714 4615 carmen
732 4566 837 4631 scripto
856 4579 916 4615 ease
936 4567 1057 4630 possunt.

163 4730 248 4799 oron]
266 4735 283 4782 i.
297 4751 320 4784 e.
340 4714 405 4785 cui..
464 4736 475 4768 ²
498 4736 587 4787 Cirrh.
606 4734 643 4802 a]
667 4741 737 4788 locas
759 4740 857 4789 oraculi
877 4737 1003 4802 delphici.
1072 4734 1085 4768 ⁷
1107 4749 1187 4785 enam
1206 4737 1230 4784 1.
1253 4734 1381 4788 Bacche.
