3294 5408
171 337 244 410 334
408 367 531 404 ΗΨΠΒΙΙ
544 366 711 402 nasutum(
724 367 839 402 RORDVH
852 366 1051 402 DEGENERASSB
1065 366 1229 403 HEROICW.

334 543 359 581 so
374 521 538 592 Miscuerit,
562 522 747 600 tractumque
771 521 861 592 dolis,
885 540 944 582 nun
967 522 1092 591 viribus,
1116 523 1260 592 hostem:

372 622 431 684 Ter
455 625 602 703 victasque
626 626 703 684 acies
726 623 813 683 italas
835 624 975 704 orbisque
999 632 1130 685 retusum

373 725 487 804 Ingenti
510 733 624 786 terrore
648 734 736 804 caput
757 725 941 804 Romamque
964 728 1114 788 timentem

373 826 567 906 Feralcmqne
590 827 673 888 urbis
696 828 859 905 planctum,
884 847 949 907 qum
972 836 1068 889 castra
1092 829 1236 890 cohortes

374 929 464 990 Silani
486 929 638 1000 dederint,
663 948 736 1009 quas
759 929 856 1009 Cispio
878 933 1005 990 senserit
1027 933 1100 1000 iras,

335 1051 361 1090 ss
375 1031 471 1110 thue
493 1031 562 1109 iuga
585 1033 796 1110 turpi'pauias
818 1033 988 1110 repetiverit
1010 1051 1095 1093 eroes

373 1132 514 1202 Manlius,
538 1134 643 1193 attritae
666 1153 730 1214 quae
753 1134 921 1212 desperatio
944 1133 1060 1202 Romam

373 1234 465 1307 Quale
488 1235 607 1295 Dionreo
630 1237 797 1297 contectum
821 1256 837 1296 a
861 1236 976 1296 Caesare
999 1235 1123 1304 bellurn,

374 1338 446 1409 Oura
468 1338 512 1396 vix
536 1337 605 1397 dum
629 1340 680 1399 risi
704 1338 793 1398 inerit
816 1340 935 1398 victoria
960 1338 1054 1398 Rheni

374 1438 559 1519 Mentitaeqne
583 1438 658 1516 ingre
681 1447 710 1500 et
733 1443 820 1519 empti
842 1439 943 1501 solatia
968 1442 1081 1519 pontis;

336 1646 361 1683 su
376 1629 527 1692 Miscuerit,
552 1631 666 1686 iructnru
690 1630 776 1694 dolis,
800 1648 855 1686 non
879 1630 995 1692 viribus,
1019 1632 1140 1693 hostem:

374 1714 426 1771 Ter
447 1715 585 1788 victusque
609 1715 679 1771 acies
703 1716 781 1772 ltulus
805 1716 938 1789 Orbisque
961 1725 1083 1771 retusum

373 1800 479 1873 lugenti
503 1809 609 1856 terrore
631 1810 713 1874 caput
736 1802 900 1874 liunrarnqne
924 1801 1076 1861 timentem,

374 1884 550 1958 Feralemqne
573 1884 648 1940 urbis
671 1885 823 1960 planctum,
846 1902 925 1958 quem
947 1894 1036 1941 castra
1059 1886 1188 1950 cobortes

373 1967 473 2043 Syllani
497 1970 634 2032 dederint,
658 1988 725 2043 quas
748 1971 831 2044 Cepio
854 1973 971 2026 senserit
993 1969 1060 2031 iras.

336 2069 361 2109 m
377 2053 465 2129 thue
488 2055 550 2128 iuga
575 2056 647 2128 turpi
671 2056 774 2129 patrias
797 2055 955 2129 repetiverit
977 2073 1054 2112 arces

374 2139 501 2200 Manlius.
525 2140 627 2198 attritu
650 2157 710 2213 quae
733 2141 888 2214 desperatio
911 2142 1017 2204 Romam

374 2225 410 2279 Et
428 2242 509 2298 quum
532 2226 678 2280 ridiculum
700 2225 854 2281 coniectum
877 2244 892 2282 a
915 2227 1019 2281 Caesare
1043 2224 1155 2286 bellurn.

373 2308 438 2377 Quae
461 2310 502 2365 vix
524 2309 587 2365 ‹luru
609 2311 659 2365 visi
683 2311 766 2367 luerit
786 2311 899 2366 victoria
923 2311 1021 2373 Rheni,
1050 2340 1052 2345 ·

373 2394 546 2469 blentitraque
569 2395 642 2468 ingre
665 2404 692 2452 et
714 2396 795 2470 empti
820 2395 917 2452 solatia
940 2396 1048 2470 pontis;

171 2561 316 2628 precibus,
337 2561 419 2610 armis
437 2566 533 2626 petere
547 2561 724 2612 constituunt.
751 2562 800 2611 scd
814 2578 865 2611 nec
883 2562 998 2626 primum
1018 2561 1126 2626 quidem
1145 2562 1268 2627 inpetum
1288 2563 1471 2616 barbarorum

171 2646 295 2708 Silanus,
319 2661 370 2696 nec
389 2645 537 2696 secundnm
556 2644 690 2707 Manlius,
714 2661 765 2696 nec
785 2647 897 2696 tertium
917 2646 1013 2711 Caepio
1031 2647 1169 2697 sustinere
1187 2651 1351 2712 potnerunt:
1377 2656 1470 2701 actum

170 2737 231 2782 erat
248 2731 419 2781 nisiMarins
438 2729 486 2780 ille
506 2729 608 2781 saecnlo
627 2731 792 2795 contigisset
857 2731 969 2781 barbari
988 2768 1005 2783 ..
1024 2746 1164 2782 recessere
1183 2732 1269 2797 igitur
1287 2734 1470 2801 increpantes

170 2822 200 2866 et
217 2816 308 2882 (tanta
326 2820 387 2866 erat
406 2815 549 2881 capiendae
562 2815 645 2867 Urbis
664 2815 777 2878 fidncia)
797 2815 973 2866 consulentes
992 2816 1082 2881 siquid
1100 2815 1135 2866 ud
1152 2831 1251 2868 uxores
1270 2832 1336 2869 snas
1355 2821 1469 2871 manda·

169 2906 240 2952 rent.
270 2916 321 2951 nec
340 2901 454 2966 segnius
473 2914 554 2965 quarn
572 2902 671 2951 minati
690 2901 813 2962 lucrant,
833 2903 972 2966 tripertito
992 2902 1102 2966 agmine
1121 2917 1169 2967 per
1187 2901 1271 2968 Alpes
1337 2904 1468 2955 fereban-

169 2993 222 3036 tur.
257 2986 363 3036 Marius
428 2985 523 3051 praelio
546 2986 691 3050 oppressit.
770 2987 801 3036 In
820 2987 1012 3050 patentissimo
1025 3021 1043 3035 ..
1057 3001 1154 3052 campo
1177 3002 1342 3038 concurrere
1399 2991 1468 3041 Istic

171 3086 279 3138 qnoque
303 3071 454 3136 imperator
476 3069 620 3120 addiderat
643 3071 739 3121 virtuti
763 3069 868 3133 dolum,
936 3072 1052 3136 primum
1075 3071 1236 3122 nebulosum
1258 3079 1361 3124 nactus
1385 3075 1467 3133 diem,

169 3161 200 3206 nt
216 3156 289 3206 hosti
308 3155 467 3220 inopinatus
485 3160 654 3218 occurreret,
674 3160 730 3205 tum
750 3161 893 3206 ventosum
914 3172 1033 3221 qnoque,
1053 3160 1083 3205 nt
1100 3156 1191 3222 pulvis
1208 3158 1237 3206 in
1255 3157 1351 3209 oculos
1371 3164 1401 3210 et
1418 3176 1467 3211 ora

171 3241 301 3304 terretur,
325 3247 383 3290 tum
408 3242 470 3292 acie
489 3255 625 3290 conversa
643 3241 671 3289 in
694 3241 840 3302 orientem,
865 3246 925 3290 nt..
940 3257 973 3291 ax
992 3241 1136 3306 splendore
1157 3241 1300 3308 galearum
1319 3259 1353 3294 ac
1373 3260 1465 3312 reper-

169 3340 251 3375 cnaan
275 3329 354 3391 quasi
379 3325 476 3374 ardere
500 3324 599 3374 crelam
622 3325 770 3376 videretur.
806 3327 864 3376 Nec
890 3328 978 3376 minor
1006 3342 1065 3376 cnm
1092 3326 1223 3377 uxoribus
1250 3343 1344 3378 eorum
1372 3345 1467 3397 pugna

169 3425 250 3476 qnam
269 3425 330 3460 cum
348 3412 417 3475 ipsis
436 3411 502 3472 init,
528 3424 589 3460 cum
612 3411 731 3461 obiectis
749 3411 868 3476 undique
887 3411 1020 3477 plaustris
1039 3418 1122 3477 atque
1141 3413 1281 3478 serpentia
1300 3412 1368 3464 altre
1387 3415 1468 3465 dean·

168 3511 218 3561 per
236 3497 316 3560 quasi
335 3511 349 3545 e
370 3495 488 3546 turribus
506 3493 615 3545 lanceis
634 3497 776 3561 contisque
795 3501 959 3561 pugnarent.
995 3497 1110 3562 perinde
1128 3498 1256 3563 speciosa
1277 3513 1351 3549 mors
1370 3515 1466 3551 aarum

169 3580 222 3631 tuit
240 3595 321 3647 qnam
340 3595 433 3647 pugna
450 3583 511 3631 ...''
530 3580 574 3632 Cf.
588 3581 643 3630 Liu.
658 3582 725 3645 epit.
739 3580 780 3631 65.
794 3580 836 3631 ur.
852 3580 925 3631 Oros.
940 3582 1005 3632 hist.
1020 3582 1051 3633 V.
1068 3581 1107 3632 lu.
1169 3580 1246 3624 Μ·
1265 3581 1309 3632 Ci.
1323 3584 1465 3652 Panegyr.

168 3665 197 3714 in
215 3663 323 3715 hiberti
343 3671 450 3729 except.
464 3667 588 3731 Mognnt.
601 3681 627 3716 v.
640 3664 780 3715 721...785.
850 3663 872 3698 ⁵⁴
890 3664 990 3732 Silani]
1013 3666 1119 3731 Syllani
1136 3684 1229 3719 amnes.
1242 3668 1291 3718 sed
1310 3675 1410 3734 aperte
1429 3671 1468 3720 Μ.

167 3750 262 3801 Iunius
274 3749 386 3800 Silanus
399 3765 456 3800 cos.
470 3765 496 3799 a.
508 3765 534 3799 n.
548 3748 607 3800 615.
622 3749 827 3816 intellegendus
841 3755 891 3800 est.
939 3751 1035 3817 Ooepio
1045 3756 1070 3802 2.
1090 3754 1209 3816 Quintus
1222 3752 1356 3804 Servilius
1370 3753 1466 3821 Caepio

168 3851 223 3886 coa.
244 3833 424 3885 a.n.dlss.in
446 3834 643 3900 proconsulatu
665 3835 765 3885 victus.
835 3833 901 3867 Μ
926 3836 977 3887 Gn.
996 3837 1117 3888 Manlius
1140 3839 1289 3899 Maximus,
1315 3854 1372 3889 cos.
1394 3855 1419 3890 a.
1438 3855 1464 3889 n.

167 3918 226 3971 utu.
297 3920 407 3971 Dionrai
426 3918 508 3986 Caes]
531 3922 610 3986 Verp.
624 3919 675 3969 ecl.
690 3920 736 3970 IX.
751 3922 792 3970 47.
806 3922 823 3971 i.
839 3938 863 3972 e.
878 3923 912 3972 ab
931 3924 1027 3973 Aenea
1046 3924 1163 3974 Veneris
1186 3923 1243 3973 tilio
1261 3923 1398 3989 originem
1417 3925 1465 3974 dn·

168 4009 265 4058 centis.
323 4003 390 4036 ”wll
409 4006 477 4055 Haec
497 4021 603 4071 quoqne
623 4005 658 4055 ad
677 4011 802 4071 quartum
821 4007 888 4057 belli
908 4006 1012 4057 Gallici
1031 4024 1132 4058 annum
1151 4008 1187 4071 (a.
1201 4006 1272 4070 uua.)
1290 4009 1466 4073 pertinentis

168 4107 201 4141 ex
219 4091 301 4142 Floro
320 4088 383 4153 (111.
399 4089 450 4152 10.)
471 4090 658 4156 explicantur:
683 4127 724 4153 „..
739 4091 833 4142 Ooeser
856 4091 930 4142 nitra
949 4092 1083 4143 Mosnlam
1107 4093 1202 4143 navali
1220 4097 1304 4159 ponte
1323 4099 1465 4160 transgre-

166 4175 241 4225 ditur
258 4177 401 4240 ipsnmqua
420 4175 560 4239 Rhenum,
586 4180 615 4225 et
632 4175 782 4240 Hercyniis
805 4177 911 4228 hostem
930 4179 1030 4243 qurerit
1047 4179 1076 4227 in
1094 4178 1189 4241 silvis,
1212 4177 1261 4229 sed
1279 4178 1307 4228 in
1327 4177 1419 4230 saltus
1437 4183 1465 4230 et

167 4260 282 4327 paludes
306 4275 393 4328 genus
417 4276 497 4311 omne
520 4261 681 4326 diffugerat:
706 4266 812 4311 tantum
835 4263 946 4327 pavoris
966 4263 1083 4313 incussit
1101 4265 1175 4313 intra
1192 4263 1281 4328 ripam
1299 4263 1395 4316 subito
1413 4265 1464 4315 Ro·

166 4361 249 4397 mana
268 4347 384 4397 vianae
402 4344 488 4396 semel
507 4345 618 4396 Rhenus
641 4350 669 4395 et
691 4346 789 4395 iterum
813 4361 920 4411 quoque
944 4353 972 4397 et
995 4348 1104 4411 quidem
1128 4352 1210 4414 ponte
1234 4348 1311 4399 iacto
1335 4355 1464 4415 penetra·

167 4436 212 4482 tus
230 4436 280 4481 eat.
317 4432 365 4483 sed
383 4431 471 4482 maior
488 4429 633 4495 aliquanto
650 4430 808 4494 trepidatio,
829 4432 929 4497 qnippe
943 4446 1003 4482 cum
1017 4432 1141 4483 Rhenum
1154 4434 1195 4484 sic
1208 4439 1291 4498 ponte
1305 4436 1387 4497 qnasi
1400 4436 1465 4502 ingo

167 4520 279 4582 captum
296 4517 438 4576 viderent,
463 4516 531 4581 iuga
549 4530 641 4566 rursus
659 4515 687 4564 in
705 4515 792 4565 silvas
810 4530 843 4564 ac
862 4515 990 4580 paludes,
1016 4521 1057 4578 et,
1083 4518 1153 4583 qnod
1173 4518 1385 4569 acerbissimum
1405 4520 1463 4570 Οε-

166 4602 223 4651 sari
242 4601 309 4664 init,
328 4617 384 4651 non
403 4601 478 4650 tuere
498 4601 544 4665 qni
563 4601 765 4651 vincerentur?
785 4599 827 4649 cf.
842 4599 912 4654 Suet.
927 4599 998 4652 Cres.
1012 4602 1053 4651 25.
1067 4611 1116 4653 etr.

1049 4687 1461 4700 ἡ

234 4718 256 4752 ¹⁸⁰
274 4719 344 4770 dolis
363 4722 387 4768 t.
401 4719 432 4783 (-
443 4721 474 4782 -)
487 4721 535 4768 aed
551 4721 592 4769 ert.
607 4723 637 4770 n.
651 4727 721 4770 reete
739 4721 811 4771 dolis
830 4720 895 4784 (w)
949 4719 971 4752 ⁵⁸
989 4720 1112 4785 dederit,
1132 4725 1155 4773 t.
