3294 5408
166 392 239 475 372
345 423 469 467 ΗἿΤΤΙΚΙ
482 425 512 464 tlt
525 421 722 464 ΕΧΟΕΡΤῘΟΝΕΙ
736 422 923 463 ΙΟΘΥΙἩΝΔΙ
936 421 1057 463 testari
1071 420 1297 463 nannenten.

369 583 514 645 Omnibus
536 589 569 644 ut
591 600 712 660 regnes,
737 582 854 643 dubitas
876 583 1032 661 haeresque
1055 581 1195 658 pudore?

366 688 475 765 Accipe
496 691 668 764 poscentes,
692 683 769 746 ultro
792 686 858 762 iuga
882 684 937 745 sub
960 691 1010 745 tua
1033 684 1142 744 cedunt
1389 682 1494 768 ἷζε

368 788 426 860 Oui
450 789 517 866 cogi
540 786 660 849 voluere
683 789 786 865 prius;
810 795 839 848 te
862 788 998 865 principe
1020 804 1124 848 rerum

369 887 488 950 Dulcior
511 907 583 950 usus
606 890 662 949 erit
684 890 801 968 vitaque
823 890 941 949 suavius
963 890 1021 959 uti,

318 1013 356 1052 aas
372 990 562 1070 Propositum
585 999 629 1053 est
652 991 767 1061 irruitis,
791 991 869 1071 quod
894 990 1005 1051 bahent
1027 990 1147 1068 cupiere
1171 997 1218 1049 tot
1243 992 1359 1060 annis:

367 1092 426 1172 Spe
449 1094 543 1154 maior
566 1091 730 1170 meliorque
752 1100 800 1153 tua
825 1091 1011 1171 cupientibus
1032 1100 1130 1162 astas,

368 1194 429 1255 Hac
452 1196 552 1274 specie
574 1202 662 1272 atque
685 1195 748 1254 istis
772 1195 881 1263 oculis,
905 1193 959 1254 tibi
981 1195 1073 1272 gratia
1096 1193 1203 1254 formae
1367 1195 1372 1279 i
1395 1192 1494 1278 221¹·

368 1295 547 1375 Nativusque
569 1296 661 1357 decor
684 1294 819 1375 praebent
841 1305 999 1373 augmenta
1021 1296 1145 1356 favoris:

367 1397 420 1458 Vis
445 1398 485 1458 ita
508 1416 668 1459 succensas
691 1399 769 1458 sicco
793 1400 849 1458 iam
874 1397 1003 1459 cuimine
1026 1398 1127 1475 fruges

317 1521 355 1563 aoo
371 1501 482 1560 Ventus
504 1518 595 1578 agens
616 1500 750 1560 flammas
773 1508 892 1561 exercet
914 1507 943 1561 et
965 1501 1074 1578 impete
1096 1500 1190 1560 nutrit

369 1602 544 1681 Serpentem
567 1604 728 1681 crepitum:
752 1610 823 1662 tuno
846 1621 913 1662 cum
937 1600 1041 1681 procul
1064 1600 1203 1662 omnibus
1225 1618 1336 1674 esses,

368 1703 521 1764 Finximus
542 1711 694 1783 aspectum
718 1704 880 1784 quendam,
903 1721 963 1764 non
985 1705 1122 1764 finximus
1144 1705 1254 1764 istum:

367 1806 470 1867 Omnia
493 1812 562 1865 sunt
584 1826 653 1868 vero
676 1809 804 1867 maiora:
827 1805 970 1866 incredita
994 1813 1129 1883 prestas:

367 1907 429 1969 Viri
451 1908 529 1969 oculi
551 1926 702 1987 purusque
725 1906 821 1978 color,
846 1909 928 1968 trous
950 1906 1031 1976 lenta,
1054 1907 1176 1985 pudoris

315 2033 353 2072 aas
369 2011 457 2089 Signa
480 2009 655 2080 verecundi,
677 2018 790 2071 tantum
815 2030 848 2070 os
871 2029 886 2070 e
909 2012 1052 2088 sanguine
1074 2009 1216 2079 rubrum,

367 2112 500 2182 Quantus
522 2113 600 2173 inest
622 2114 712 2173 animi
734 2113 845 2191 pudor;
871 2114 999 2189 optimus
1022 2112 1151 2189 undique
1174 2117 1298 2172 constat

369 2213 570 2276 Membrorum
592 2214 714 2275 modus:
739 2233 773 2276 ex
797 2215 877 2275 omni
900 2220 929 2274 te
952 2220 1037 2292 parte
1059 2220 1231 2283 venustum,

367 2315 410 2376 Es
434 2317 515 2376 omni
537 2315 680 2395 aequalem
704 2317 773 2377 lecit
795 2316 883 2390 dcus3
907 2315 1011 2376 ancta
1035 2323 1121 2376 tantae

369 2417 502 2497 Corpora
526 2420 641 2478 virtutis
662 2415 818 2497 vultusque
842 2427 871 2478 et
892 2416 1019 2478 amabile
1042 2420 1167 2494 siguum.
1195 2437 1199 2451 ·

318 2539 356 2581 ooo
372 2518 513 2597 Expirate
536 2537 628 2590 rosae,
652 2520 760 2580 summi
783 2520 930 2580 vanescite
953 2519 1062 2580 cultus:

367 2621 423 2682 llic
445 2621 550 2693 decor,
574 2621 622 2681 hio
645 2640 729 2682 amor
752 2623 808 2682 est!
832 2622 908 2693 Quid
930 2628 993 2682 tum
1017 2623 1043 2681 si
1064 2619 1200 2681 inviderit
1222 2622 1333 2693 istum,

367 2723 443 2784 llum
466 2721 547 2784 malit
568 2732 694 2801 regnare
716 2723 786 2794 sibi,
811 2725 913 2784 vicinia
938 2722 1041 2783 nobis‘t

366 2825 428 2885 larn
452 2832 534 2886 vetus
556 2825 619 2886 haec
642 2825 677 2886 lis
700 2833 744 2886 est
766 2824 897 2905 populis:
921 2844 977 2904 pro
1001 2823 1118 2884 dotibus
1139 2824 1203 2885 istis

369 2926 521 2997 Certatur,
546 2927 626 3004 quod
649 2927 773 3006 quisque
796 2929 878 3006 cupit
906 2927 976 2988 dum
999 2926 1134 3006 possidet
1155 2924 1245 2996 alter,

231 3050 233 3057 ’
316 3050 355 3091 cos
369 3032 490 3090 Aestuat
511 3030 588 3090 intra
611 3046 643 3090 se
666 3028 879 3107 melioremque
902 3030 1012 3090 invidet
1033 3045 1151 3089 auram:

368 3129 428 3191 Nos
451 3129 566 3190 fortuna
590 3128 659 3191 beat
680 3131 790 3191 trustra
812 3130 1016 3192 affectantibus
1038 3129 1104 3190 illis.

365 3231 457 3311 Regia
480 3232 664 3293 Francorum
687 3231 805 3293 soboles
827 3233 884 3293 sibi
905 3233 1041 3293 vendicat
1063 3239 1174 3303 ortum,
1339 3232 1479 3313 12:332:fi

369 3328 500 3395 diarchia
524 3334 669 3395 nutricem
692 3336 795 3406 iactat,
819 3344 880 3395 tum
904 3333 1013 3395 Norica
1036 3336 1130 3395 civem

367 3435 435 3496 Vult
455 3436 529 3498 urbs
551 3455 616 3497 esse
639 3455 741 3505 suum;
765 3437 918 3497 dominum
940 3454 1013 3514 gens
1036 3437 1150 3496 Saxona
1173 3435 1281 3513 primis

314 3559 353 3600 oio
368 3538 501 3599 Obtinuit
523 3539 611 3608 votis;
635 3541 746 3600 maiora
769 3541 799 3599 in
822 3540 977 3601 commoda
999 3537 1122 3599 Rhenus

367 3639 509 3711 Abstulit,
533 3641 564 3699 in
586 3643 740 3720 maiusque
763 3641 869 3702 decus:
893 3660 930 3701 ne
953 3641 1077 3709 credite,
1102 3641 1192 3708 cives,

365 3742 431 3803 Non
453 3743 507 3803 diis
529 3743 713 3820 auspicibus3
738 3751 818 3804 certe
839 3743 918 3803 haud
942 3744 1124 3803 manifestius
1146 3758 1278 3819 unquam

366 3843 482 3904 Hortati
504 3845 620 3923 superi:
644 3863 695 3904 vos
716 3843 774 3906 laeti
796 3846 939 3905 admittite
962 3845 1085 3922 dignum
1125 3885 1127 3888 -

366 3945 429 4006 Hoc
453 3946 610 4027 desyderio
633 3947 760 4018 donum,
784 3956 901 4026 sperate
924 3948 1040 4007 tuturos

315 4049 496 4110 ais‘hcoessu
519 4048 641 4111 meliore
664 4049 742 4118 dies;
766 4051 823 4109 iam
846 4049 941 4128 prima
964 4049 1114 4116 iuventus,

368 4150 442 4211 [tant
465 4152 576 4212 maiora
598 4152 681 4212 anni:
704 4156 855 4230 spectatur
877 4150 913 4210 ab
937 4148 1035 4210 indole
1058 4151 1149 4210 virtus
1360 4148 1365 4231 Ι
1392 4171 1475 4207 suos

233 4336 267 4371 ⁵³⁵
289 4339 307 4390 i.
323 4355 348 4388 e.
366 4336 472 4386 habent
490 4338 562 4402 quod
581 4338 692 4402 cupiere
711 4342 752 4388 tot
770 4338 859 4388 annis.
929 4335 962 4368 ⁵⁸⁶
987 4336 1090 4396 adstas,
1112 4339 1139 4386 3.
1152 4339 1177 4384 5.
1190 4337 1213 4384 d.
1299 4333 1335 4369 “⁸
1360 4339 1425 4389 Hoc
1449 4346 1475 4389 et

163 4439 272 4491 aequem
290 4428 376 4474 lemma
393 4423 475 4473 omisit
494 4426 521 4472 3.
591 4421 625 4454 ⁶⁰⁷
642 4422 773 4472 Albertus
796 4437 933 4487 pronepos
957 4421 1094 4470 l'rideriei
1116 4419 1282 4485 burggravii
1307 4421 1472 4474 Norimber-

165 4509 260 4576 gensis
288 4509 354 4570 suit,
388 4509 435 4573 qui
462 4507 565 4572 primus
589 4507 695 4557 elector
721 4506 1000 4572 Brcndenburgensis
1029 4523 1053 4556 s.
1074 4503 1148 4555 1417.
1167 4503 1348 4555 constantim
1378 4508 1473 4560 decla·

165 4597 306 4655 natusest,
326 4597 448 4643 mortuus
462 4598 553 4642 cutem
567 4607 593 4642 s.
609 4590 684 4642 1440.
729 4591 859 4641 Albertus
872 4607 897 4641 a.
914 4590 987 4642 1513.
1002 4589 1228 4655 archiepiscopus
1239 4589 1471 4659 magdeburgen-

166 4677 205 4727 sis
224 4677 407 4743 ecclesiaeque
419 4676 667 4728 Helberstadensis
687 4676 895 4727 administrator
914 4675 1006 4726 iaetus
1025 4676 1126 4726 fuerat.
1147 4672 1183 4726 cl.
1197 4689 1223 4724 v.
1241 4671 1318 4724 1190.
1369 4675 1408 4710 ⁸¹⁴
1426 4677 1472 4728 ds·

165 4759 268 4812 siderio
286 4763 359 4814 2...6.
612 4767 613 4770 ’
