<?xml version="1.0" encoding="UTF-8"?>
<!DOCTYPE html PUBLIC "-//W3C//DTD XHTML 1.0 Transitional//EN"
    "http://www.w3.org/TR/xhtml1/DTD/xhtml1-transitional.dtd">
<html xmlns="http://www.w3.org/1999/xhtml" xml:lang="en" lang="en">
 <head>
  <title>
</title>
<meta http-equiv="Content-Type" content="text/html;charset=utf-8" />
  <meta name='ocr-system' content='tesseract 3.04.00' />
  <meta name='ocr-capabilities' content='ocr_page ocr_carea ocr_par ocr_line ocrx_word'/>
</head>
<body>
  <div class='ocr_page' id='page_1' title='image "./ulrichihuttenie04huttgoog_0168.png"; bbox 0 0 3294 5408; ppageno 0'>
   <div class='ocr_carea' id='block_1_1' title="bbox 407 958 1000 1047">
    <p class='ocr_par' dir='ltr' id='par_1_1' title="bbox 407 958 1000 1047">
     <span class='ocr_line' id='line_1_1' title="bbox 407 958 1000 1047; baseline 0 -2"><span class='ocrx_word' id='word_1_1' title='bbox 407 964 648 1047; x_wconf 81' lang='lat' dir='ltr'>VLRICHI</span> <span class='ocrx_word' id='word_1_2' title='bbox 668 960 745 1045; x_wconf 89' lang='lat' dir='ltr'><strong>DE</strong></span> <span class='ocrx_word' id='word_1_3' title='bbox 767 958 1000 1045; x_wconf 81' lang='lat' dir='ltr'>HVTTEN</span> 
     </span>
    </p>
   </div>
   <div class='ocr_carea' id='block_1_2' title="bbox 258 1115 1062 1317">
    <p class='ocr_par' dir='ltr' id='par_1_2' title="bbox 258 1115 1062 1317">
     <span class='ocr_line' id='line_1_2' title="bbox 629 1115 776 1179; baseline -0.014 -12"><span class='ocrx_word' id='word_1_4' title='bbox 629 1115 776 1179; x_wconf 79' lang='lat' dir='ltr'>EQVITIS</span> 
     </span>
     <span class='ocr_line' id='line_1_3' title="bbox 258 1201 1062 1317; baseline -0.005 0"><span class='ocrx_word' id='word_1_5' title='bbox 258 1295 259 1298; x_wconf 12' lang='grc' dir='ltr'><strong><em>κ</em></strong></span> <span class='ocrx_word' id='word_1_6' title='bbox 348 1250 693 1317; x_wconf 77' lang='lat' dir='ltr'><strong>uxuonrnuro</strong></span> <span class='ocrx_word' id='word_1_7' title='bbox 726 1201 790 1314; x_wconf 79' lang='lat' dir='ltr'><strong>ur</strong></span> <span class='ocrx_word' id='word_1_8' title='bbox 824 1248 1062 1314; x_wconf 72' lang='lat' dir='ltr'><strong>neruiue</strong></span> 
     </span>
    </p>
   </div>
   <div class='ocr_carea' id='block_1_3' title="bbox 264 1403 1148 1491">
    <p class='ocr_par' dir='ltr' id='par_1_3' title="bbox 264 1403 1148 1491">
     <span class='ocr_line' id='line_1_4' title="bbox 264 1403 1148 1491; baseline -0.005 0"><span class='ocrx_word' id='word_1_9' title='bbox 264 1410 346 1491; x_wconf 86' lang='grc' dir='ltr'><strong>ΑΙ)</strong></span> <span class='ocrx_word' id='word_1_10' title='bbox 381 1407 829 1490; x_wconf 81' lang='lat' dir='ltr'><strong>MAXIMILIANVM</strong></span> <span class='ocrx_word' id='word_1_11' title='bbox 866 1403 1148 1488; x_wconf 83' lang='lat' dir='ltr'><strong>CAESAREM</strong></span> 
     </span>
    </p>
   </div>
   <div class='ocr_carea' id='block_1_4' title="bbox 356 1557 1054 1919">
    <p class='ocr_par' dir='ltr' id='par_1_4' title="bbox 356 1557 1054 1919">
     <span class='ocr_line' id='line_1_5' title="bbox 440 1557 962 1625; baseline -0.004 -14"><span class='ocrx_word' id='word_1_12' title='bbox 440 1560 601 1622; x_wconf 79' lang='lat' dir='ltr'><strong>nuraovu</strong></span> <span class='ocrx_word' id='word_1_13' title='bbox 625 1558 791 1625; x_wconf 50' lang='lat' dir='ltr'><strong>iiuronvn</strong></span> <span class='ocrx_word' id='word_1_14' title='bbox 814 1557 962 1620; x_wconf 78' lang='lat' dir='ltr'><strong>ovoove</strong></span> 
     </span>
     <span class='ocr_line' id='line_1_6' title="bbox 356 1676 1054 1749; baseline -0.003 0"><span class='ocrx_word' id='word_1_15' title='bbox 356 1698 407 1749; x_wconf 83' lang='lat' dir='ltr'><strong>un</strong></span> <span class='ocrx_word' id='word_1_16' title='bbox 424 1695 540 1748; x_wconf 79' lang='lat' dir='ltr'><strong>nuere</strong></span> <span class='ocrx_word' id='word_1_17' title='bbox 558 1694 713 1746; x_wconf 78' lang='lat' dir='ltr'><strong>veneris</strong></span> <span class='ocrx_word' id='word_1_18' title='bbox 730 1692 851 1745; x_wconf 71' lang='lat' dir='ltr'><strong>irruis</strong></span> <span class='ocrx_word' id='word_1_19' title='bbox 871 1676 1054 1747; x_wconf 71' lang='lat' dir='ltr'><strong>cucuma</strong></span> 
     </span>
     <span class='ocr_line' id='line_1_7' title="bbox 451 1830 952 1919; baseline -0.008 -24"><span class='ocrx_word' id='word_1_20' title='bbox 451 1830 663 1919; x_wconf 79' lang='lat' dir='ltr'><strong>ORleONES</strong></span> <span class='ocrx_word' id='word_1_21' title='bbox 684 1832 733 1894; x_wconf 86' lang='lat' dir='ltr'><strong>ET</strong></span> <span class='ocrx_word' id='word_1_22' title='bbox 754 1830 952 1894; x_wconf 77' lang='grc' dir='ltr'><strong>ΡΟΕΜΑΤΙΑ.</strong></span> 
     </span>
    </p>
   </div>
   <div class='ocr_carea' id='block_1_5' title="bbox 561 2222 842 2274">
    <p class='ocr_par' dir='ltr' id='par_1_5' title="bbox 561 2222 842 2274">
     <span class='ocr_line' id='line_1_8' title="bbox 561 2222 842 2274; baseline -0.004 0"><span class='ocrx_word' id='word_1_23' title='bbox 561 2222 610 2274; x_wconf 81' lang='lat' dir='ltr'><strong>AD</strong></span> <span class='ocrx_word' id='word_1_24' title='bbox 634 2223 842 2274; x_wconf 79' lang='lat' dir='ltr'>LECTOREM.</span> 
     </span>
    </p>
   </div>
   <div class='ocr_carea' id='block_1_6' title="bbox 218 2359 1130 3359">
    <p class='ocr_par' dir='ltr' id='par_1_6' title="bbox 218 2359 1130 3359">
     <span class='ocr_line' id='line_1_9' title="bbox 222 2359 1034 2439; baseline 0.001 -16"><span class='ocrx_word' id='word_1_25' title='bbox 222 2392 226 2403; x_wconf 85' lang='lat'>·</span> <span class='ocrx_word' id='word_1_26' title='bbox 263 2362 327 2423; x_wconf 87' lang='lat' dir='ltr'><strong>lloc</strong></span> <span class='ocrx_word' id='word_1_27' title='bbox 348 2361 437 2421; x_wconf 87' lang='lat' dir='ltr'><strong>animi</strong></span> <span class='ocrx_word' id='word_1_28' title='bbox 459 2359 591 2421; x_wconf 86' lang='lat' dir='ltr'><strong>iuvenilis</strong></span> <span class='ocrx_word' id='word_1_29' title='bbox 613 2377 688 2438; x_wconf 86' lang='lat' dir='ltr'><strong>opus</strong></span> <span class='ocrx_word' id='word_1_30' title='bbox 711 2359 833 2420; x_wconf 81' lang='lat' dir='ltr'><strong>meliora</strong></span> <span class='ocrx_word' id='word_1_31' title='bbox 856 2368 1034 2439; x_wconf 82' lang='lat' dir='ltr'><strong>sequentur.</strong></span> 
     </span>
     <span class='ocr_line' id='line_1_10' title="bbox 330 2460 1086 2542; baseline -0.005 -17"><span class='ocrx_word' id='word_1_32' title='bbox 330 2463 375 2525; x_wconf 78' lang='lat' dir='ltr'><strong>&#39;lu</strong></span> <span class='ocrx_word' id='word_1_33' title='bbox 398 2462 486 2524; x_wconf 78' lang='lat' dir='ltr'><strong>morlo</strong></span> <span class='ocrx_word' id='word_1_34' title='bbox 506 2460 690 2542; x_wconf 75' lang='lat' dir='ltr'><strong>temporibus</strong></span> <span class='ocrx_word' id='word_1_35' title='bbox 713 2463 829 2532; x_wconf 80' lang='lat' dir='ltr'><strong>suffice,</strong></span> <span class='ocrx_word' id='word_1_36' title='bbox 854 2462 947 2522; x_wconf 84' lang='lat' dir='ltr'><strong>Parca</strong></span> <span class='ocrx_word' id='word_1_37' title='bbox 969 2464 1086 2523; x_wconf 62' lang='lat' dir='ltr'><strong>niinaxe</strong></span> 
     </span>
     <span class='ocr_line' id='line_1_11' title="bbox 263 2563 1127 2633; baseline -0.002 -6"><span class='ocrx_word' id='word_1_38' title='bbox 263 2565 323 2627; x_wconf 90' lang='lat' dir='ltr'><strong>lam</strong></span> <span class='ocrx_word' id='word_1_39' title='bbox 344 2565 428 2627; x_wconf 91' lang='lat' dir='ltr'><strong>rudis</strong></span> <span class='ocrx_word' id='word_1_40' title='bbox 449 2563 506 2625; x_wconf 89' lang='lat' dir='ltr'><strong>hoc</strong></span> <span class='ocrx_word' id='word_1_41' title='bbox 527 2566 579 2624; x_wconf 84' lang='lat' dir='ltr'><strong>aevi</strong></span> <span class='ocrx_word' id='word_1_42' title='bbox 602 2571 659 2633; x_wconf 83' lang='lat' dir='ltr'><strong>est,</strong></span> <span class='ocrx_word' id='word_1_43' title='bbox 683 2573 797 2625; x_wconf 81' lang='lat' dir='ltr'><strong>crescet</strong></span> <span class='ocrx_word' id='word_1_44' title='bbox 819 2563 1019 2625; x_wconf 74' lang='lat' dir='ltr'><strong>crescentibus</strong></span> <span class='ocrx_word' id='word_1_45' title='bbox 1040 2565 1127 2625; x_wconf 86' lang='lat' dir='ltr'><strong>annis</strong></span> 
     </span>
     <span class='ocr_line' id='line_1_12' title="bbox 218 2664 931 2745; baseline 0.004 -21"><span class='ocrx_word' id='word_1_46' title='bbox 218 2686 221 2691; x_wconf 92' lang='lat'>·</span> <span class='ocrx_word' id='word_1_47' title='bbox 330 2665 380 2727; x_wconf 80' lang='lat' dir='ltr'><strong>Vis</strong></span> <span class='ocrx_word' id='word_1_48' title='bbox 401 2664 449 2727; x_wconf 92' lang='lat' dir='ltr'><strong>illa</strong></span> <span class='ocrx_word' id='word_1_49' title='bbox 472 2666 595 2727; x_wconf 77' lang='lat' dir='ltr'>assiduis</span> <span class='ocrx_word' id='word_1_50' title='bbox 618 2665 717 2727; x_wconf 85' lang='lat' dir='ltr'><strong>usibus</strong></span> <span class='ocrx_word' id='word_1_51' title='bbox 739 2665 794 2727; x_wconf 85' lang='lat' dir='ltr'><strong>alta</strong></span> <span class='ocrx_word' id='word_1_52' title='bbox 818 2676 931 2745; x_wconf 85' lang='lat' dir='ltr'><strong>petens.</strong></span> 
     </span>
     <span class='ocr_line' id='line_1_13' title="bbox 264 2767 973 2845; baseline -0.006 -13"><span class='ocrx_word' id='word_1_53' title='bbox 264 2769 411 2832; x_wconf 78' lang='lat' dir='ltr'><strong>Primitiae</strong></span> <span class='ocrx_word' id='word_1_54' title='bbox 432 2770 527 2843; x_wconf 89' lang='lat' dir='ltr'><strong>teneri</strong></span> <span class='ocrx_word' id='word_1_55' title='bbox 549 2770 607 2829; x_wconf 88' lang='lat' dir='ltr'><strong>iarn</strong></span> <span class='ocrx_word' id='word_1_56' title='bbox 629 2786 708 2829; x_wconf 92' lang='lat' dir='ltr'><strong>nunc</strong></span> <span class='ocrx_word' id='word_1_57' title='bbox 731 2767 842 2829; x_wconf 89' lang='lat' dir='ltr'><strong>lecture</strong></span> <span class='ocrx_word' id='word_1_58' title='bbox 864 2779 973 2845; x_wconf 82' lang='lat' dir='ltr'><strong>poete,</strong></span> 
     </span>
     <span class='ocr_line' id='line_1_14' title="bbox 331 2869 1046 2951; baseline 0.001 -18"><span class='ocrx_word' id='word_1_59' title='bbox 331 2869 422 2942; x_wconf 84' lang='lat' dir='ltr'><strong>Olim,</strong></span> <span class='ocrx_word' id='word_1_60' title='bbox 446 2871 484 2931; x_wconf 88' lang='lat' dir='ltr'><strong>ita</strong></span> <span class='ocrx_word' id='word_1_61' title='bbox 507 2870 686 2951; x_wconf 85' lang='lat' dir='ltr'><strong>sperandum</strong></span> <span class='ocrx_word' id='word_1_62' title='bbox 707 2877 766 2940; x_wconf 91' lang='lat' dir='ltr'><strong>est,</strong></span> <span class='ocrx_word' id='word_1_63' title='bbox 790 2869 929 2932; x_wconf 82' lang='lat' dir='ltr'><strong>uberiora</strong></span> <span class='ocrx_word' id='word_1_64' title='bbox 951 2870 1046 2949; x_wconf 76' lang='lat' dir='ltr'><strong>leges:</strong></span> 
     </span>
     <span class='ocr_line' id='line_1_15' title="bbox 264 2971 1068 3048; baseline -0.002 -12"><span class='ocrx_word' id='word_1_65' title='bbox 264 2975 335 3048; x_wconf 80' lang='lat' dir='ltr'><strong>Quae</strong></span> <span class='ocrx_word' id='word_1_66' title='bbox 356 2980 385 3035; x_wconf 90' lang='lat' dir='ltr'><strong>te</strong></span> <span class='ocrx_word' id='word_1_67' title='bbox 407 2990 486 3034; x_wconf 89' lang='lat' dir='ltr'><strong>nunc</strong></span> <span class='ocrx_word' id='word_1_68' title='bbox 508 2972 611 3033; x_wconf 88' lang='lat' dir='ltr'><strong>dillusa</strong></span> <span class='ocrx_word' id='word_1_69' title='bbox 633 2971 746 3033; x_wconf 88' lang='lat' dir='ltr'><strong>umbris</strong></span> <span class='ocrx_word' id='word_1_70' title='bbox 768 2972 899 3034; x_wconf 86' lang='lat' dir='ltr'><strong>delendit</strong></span> <span class='ocrx_word' id='word_1_71' title='bbox 920 2972 956 3033; x_wconf 93' lang='lat' dir='ltr'><strong>ab</strong></span> <span class='ocrx_word' id='word_1_72' title='bbox 980 2981 1068 3044; x_wconf 81' lang='lat' dir='ltr'><strong>estu,</strong></span> 
     </span>
     <span class='ocr_line' id='line_1_16' title="bbox 330 3074 1033 3153; baseline -0.006 -16"><span class='ocrx_word' id='word_1_73' title='bbox 330 3077 395 3149; x_wconf 83' lang='lat' dir='ltr'><strong>Quo</strong></span> <span class='ocrx_word' id='word_1_74' title='bbox 418 3075 509 3135; x_wconf 88' lang='lat' dir='ltr'><strong>erevit</strong></span> <span class='ocrx_word' id='word_1_75' title='bbox 529 3074 666 3153; x_wconf 85' lang='lat' dir='ltr'><strong>platanus</strong></span> <span class='ocrx_word' id='word_1_76' title='bbox 687 3081 835 3152; x_wconf 85' lang='lat' dir='ltr'><strong>tempore,</strong></span> <span class='ocrx_word' id='word_1_77' title='bbox 860 3075 939 3153; x_wconf 82' lang='lat' dir='ltr'><strong>virga</strong></span> <span class='ocrx_word' id='word_1_78' title='bbox 962 3076 1033 3143; x_wconf 89' lang='lat' dir='ltr'><strong>lnit;</strong></span> 
     </span>
     <span class='ocr_line' id='line_1_17' title="bbox 264 3175 1130 3258; baseline -0.003 -18"><span class='ocrx_word' id='word_1_79' title='bbox 264 3177 310 3240; x_wconf 87' lang='lat' dir='ltr'><strong>Nil</strong></span> <span class='ocrx_word' id='word_1_80' title='bbox 332 3194 470 3255; x_wconf 83' lang='lat' dir='ltr'><strong>magnum</strong></span> <span class='ocrx_word' id='word_1_81' title='bbox 494 3184 537 3237; x_wconf 82' lang='lat' dir='ltr'><strong>eat</strong></span> <span class='ocrx_word' id='word_1_82' title='bbox 558 3175 671 3237; x_wconf 88' lang='lat' dir='ltr'><strong>subito:</strong></span> <span class='ocrx_word' id='word_1_83' title='bbox 695 3177 777 3237; x_wconf 86' lang='lat' dir='ltr'><strong>euius</strong></span> <span class='ocrx_word' id='word_1_84' title='bbox 800 3194 879 3236; x_wconf 89' lang='lat' dir='ltr'><strong>nunc</strong></span> <span class='ocrx_word' id='word_1_85' title='bbox 900 3178 954 3238; x_wconf 84' lang='lat' dir='ltr'><strong>ista</strong></span> <span class='ocrx_word' id='word_1_86' title='bbox 977 3176 1130 3258; x_wconf 77' lang='lat' dir='ltr'><strong>leguntur,</strong></span> 
     </span>
     <span class='ocr_line' id='line_1_18' title="bbox 330 3268 1094 3359; baseline -0.003 -18"><span class='ocrx_word' id='word_1_87' title='bbox 330 3276 421 3355; x_wconf 80' lang='lat' dir='ltr'><strong>Quale</strong></span> <span class='ocrx_word' id='word_1_88' title='bbox 445 3278 497 3339; x_wconf 89' lang='lat' dir='ltr'><strong>tibi</strong></span> <span class='ocrx_word' id='word_1_89' title='bbox 518 3278 628 3340; x_wconf 79' lang='lat' dir='ltr'><strong>scribet</strong></span> <span class='ocrx_word' id='word_1_90' title='bbox 650 3280 693 3339; x_wconf 87' lang='lat' dir='ltr'><strong>vir</strong></span> <span class='ocrx_word' id='word_1_91' title='bbox 715 3278 802 3339; x_wconf 86' lang='lat' dir='ltr'><strong>inodo</strong></span> <span class='ocrx_word' id='word_1_92' title='bbox 826 3281 919 3339; x_wconf 88' lang='lat' dir='ltr'><strong>lactus</strong></span> <span class='ocrx_word' id='word_1_93' title='bbox 942 3279 1030 3359; x_wconf 87' lang='lat' dir='ltr'><strong>opus!</strong></span> <span class='ocrx_word' id='word_1_94' title='bbox 1091 3268 1094 3273; x_wconf 45' lang='lat'>¹</span> 
     </span>
    </p>
   </div>
   <div class='ocr_carea' id='block_1_7' title="bbox 436 3421 968 3480">
    <p class='ocr_par' dir='ltr' id='par_1_7' title="bbox 436 3421 968 3480">
     <span class='ocr_line' id='line_1_19' title="bbox 436 3421 968 3480; baseline -0.006 0"><span class='ocrx_word' id='word_1_95' title='bbox 436 3421 462 3480; x_wconf 79' lang='lat' dir='ltr'><strong>n</strong></span> <span class='ocrx_word' id='word_1_96' title='bbox 484 3435 677 3478; x_wconf 77' lang='lat' dir='ltr'><strong>srucunrrun</strong></span> <span class='ocrx_word' id='word_1_97' title='bbox 693 3464 699 3477; x_wconf 89' lang='lat'><em>.</em></span> <span class='ocrx_word' id='word_1_98' title='bbox 717 3436 810 3478; x_wconf 77' lang='lat' dir='ltr'><strong>cerna</strong></span> <span class='ocrx_word' id='word_1_99' title='bbox 832 3436 968 3478; x_wconf 78' lang='lat' dir='ltr'><strong>rourau.</strong></span> 
     </span>
    </p>
   </div>
   <div class='ocr_carea' id='block_1_8' title="bbox 68 3666 1347 3922">
    <p class='ocr_par' dir='ltr' id='par_1_8' title="bbox 68 3666 1347 3922">
     <span class='ocr_line' id='line_1_20' title="bbox 68 3666 1347 3738; baseline 0.002 -18"><span class='ocrx_word' id='word_1_100' title='bbox 68 3670 121 3724; x_wconf 78' lang='lat' dir='ltr'><strong>lice</strong></span> <span class='ocrx_word' id='word_1_101' title='bbox 142 3671 288 3724; x_wconf 71' lang='lat' dir='ltr'><strong>modoetiae</strong></span> <span class='ocrx_word' id='word_1_102' title='bbox 311 3672 492 3738; x_wconf 75' lang='lat' dir='ltr'><strong>ingenuaeque</strong></span> <span class='ocrx_word' id='word_1_103' title='bbox 515 3671 548 3722; x_wconf 87' lang='lat' dir='ltr'><strong>de</strong></span> <span class='ocrx_word' id='word_1_104' title='bbox 573 3687 602 3722; x_wconf 88' lang='lat' dir='ltr'><strong>ee</strong></span> <span class='ocrx_word' id='word_1_105' title='bbox 626 3675 685 3738; x_wconf 81' lang='lat' dir='ltr'><strong>apel</strong></span> <span class='ocrx_word' id='word_1_106' title='bbox 708 3666 818 3738; x_wconf 87' lang='lat' dir='ltr'><strong>plonu&#39;m</strong></span> <span class='ocrx_word' id='word_1_107' title='bbox 838 3673 1008 3738; x_wconf 77' lang='lat' dir='ltr'><strong>epigramma</strong></span> <span class='ocrx_word' id='word_1_108' title='bbox 1024 3669 1239 3722; x_wconf 79' lang='lat' dir='ltr'><strong>vindobonense</strong></span> <span class='ocrx_word' id='word_1_109' title='bbox 1258 3687 1347 3723; x_wconf 80' lang='lat' dir='ltr'><strong>exem·</strong></span> 
     </span>
     <span class='ocr_line' id='line_1_21' title="bbox 74 3754 1347 3824; baseline 0.002 -19"><span class='ocrx_word' id='word_1_110' title='bbox 74 3754 134 3819; x_wconf 72' lang='lat' dir='ltr'><strong>ptum</strong></span> <span class='ocrx_word' id='word_1_111' title='bbox 150 3772 206 3809; x_wconf 85' lang='lat' dir='ltr'><strong>uon</strong></span> <span class='ocrx_word' id='word_1_112' title='bbox 222 3755 323 3819; x_wconf 54' lang='lat' dir='ltr'><strong>haben</strong></span> <span class='ocrx_word' id='word_1_113' title='bbox 343 3761 421 3807; x_wconf 82' lang='lat' dir='ltr'><strong>extat</strong></span> <span class='ocrx_word' id='word_1_114' title='bbox 437 3758 467 3807; x_wconf 90' lang='lat' dir='ltr'><strong>in</strong></span> <span class='ocrx_word' id='word_1_115' title='bbox 485 3757 618 3824; x_wconf 78' lang='lat' dir='ltr'><strong>exemplis</strong></span> <span class='ocrx_word' id='word_1_116' title='bbox 635 3760 695 3808; x_wconf 81' lang='lat' dir='ltr'><strong>XX.</strong></span> <span class='ocrx_word' id='word_1_117' title='bbox 712 3759 733 3809; x_wconf 94' lang='lat' dir='ltr'><strong>l.</strong></span> <span class='ocrx_word' id='word_1_118' title='bbox 748 3757 841 3823; x_wconf 80' lang='lat' dir='ltr'><strong>(supra</strong></span> <span class='ocrx_word' id='word_1_119' title='bbox 864 3758 1000 3822; x_wconf 82' lang='lat' dir='ltr'><strong>picturam</strong></span> <span class='ocrx_word' id='word_1_120' title='bbox 1020 3755 1105 3805; x_wconf 79' lang='lat' dir='ltr'><strong>tertia</strong></span> <span class='ocrx_word' id='word_1_121' title='bbox 1123 3756 1225 3807; x_wconf 81' lang='lat' dir='ltr'><strong>abhinc</strong></span> <span class='ocrx_word' id='word_1_122' title='bbox 1243 3758 1347 3824; x_wconf 76' lang='lat' dir='ltr'><strong>pagiua</strong></span> 
     </span>
     <span class='ocr_line' id='line_1_22' title="bbox 271 3839 1213 3922; baseline -0.003 -30"><span class='ocrx_word' id='word_1_123' title='bbox 271 3841 443 3907; x_wconf 78' lang='lat' dir='ltr'><strong>repetitam),</strong></span> <span class='ocrx_word' id='word_1_124' title='bbox 462 3842 494 3891; x_wconf 89' lang='lat' dir='ltr'><strong>L.</strong></span> <span class='ocrx_word' id='word_1_125' title='bbox 509 3844 611 3922; x_wconf 50' lang='lat' dir='ltr'><strong>pag-Jv</strong></span> <span class='ocrx_word' id='word_1_126' title='bbox 622 3843 654 3904; x_wconf 87' lang='lat' dir='ltr'><strong>l.‚</strong></span> <span class='ocrx_word' id='word_1_127' title='bbox 674 3849 702 3894; x_wconf 87' lang='lat' dir='ltr'><strong>et</strong></span> <span class='ocrx_word' id='word_1_128' title='bbox 720 3843 901 3899; x_wconf 68' lang='lat' dir='ltr'><strong>intinctione,</strong></span> <span class='ocrx_word' id='word_1_129' title='bbox 920 3847 983 3891; x_wconf 90' lang='lat' dir='ltr'><strong>tom.</strong></span> <span class='ocrx_word' id='word_1_130' title='bbox 998 3842 1019 3890; x_wconf 93' lang='lat'><strong>1.</strong></span> <span class='ocrx_word' id='word_1_131' title='bbox 1033 3857 1060 3906; x_wconf 89' lang='lat' dir='ltr'><strong>p.</strong></span> <span class='ocrx_word' id='word_1_132' title='bbox 1077 3839 1132 3891; x_wconf 80' lang='lat'><strong>117.</strong></span> <span class='ocrx_word' id='word_1_133' title='bbox 1166 3912 1213 3920; x_wconf 45' lang='lat'><strong>‘-</strong></span> 
     </span>
    </p>
   </div>
   <div class='ocr_carea' id='block_1_9' title="bbox 0 0 1654 5408">
    <p class='ocr_par' dir='ltr' id='par_1_9' title="bbox 0 0 1654 5408">
     <span class='ocr_line' id='line_1_23' title="bbox 0 0 1654 5408; baseline 0 0"><span class='ocrx_word' id='word_1_134' title='bbox 0 0 1654 5408; x_wconf 95' lang='lat' dir='ltr'><strong> </strong></span> 
     </span>
    </p>
   </div>
  </div>
 </body>
</html>
