3294 5408
300 434 424 471 ”Uilli
437 433 474 470 w
486 434 619 471 CAESABRH
634 435 845 472 laxamentum
858 437 1082 474 annuntiaturum
1094 438 1187 475 lain!-
1312 409 1386 483 215

301 589 404 652 Omnia
428 587 534 667 templa
557 589 657 660 silent,
680 589 779 651 nullus
800 593 878 652 canit
899 591 997 654 abolita
1019 602 1116 664 vates,

275 711 289 752 a
385 691 451 770 lpse
474 698 549 753 tacet
571 692 679 771 Libyco
702 695 839 772 corniger
862 694 935 756 orbe
958 696 1046 764 deus;

299 793 337 854 Ut
357 794 476 855 tandem
498 795 639 862 inveniat,
663 795 738 854 miro
760 795 908 857 Florentia
931 804 1013 858 motu

384 896 448 956 Visa
471 903 513 957 est
536 897 593 956 iam
616 895 696 957 claro
718 897 781 959 sole
803 895 905 960 tulisse
927 898 1020 969 laces,

299 997 393 1077 Atque
415 998 534 1077 aliquis,
558 1006 707 1067 metuens,
731 1017 768 1059 ne
790 1001 828 1061 sit
849 1001 912 1061 sine
934 1001 1049 1062 Caesare
1071 1002 1212 1073 mundus,

262 1121 286 1160 ra
384 1099 480 1179 Elegit
501 1099 616 1162 Gallum
639 1099 762 1162 Caesaris
783 1120 848 1163 esse
869 1102 945 1163 loco.

302 1201 425 1263 blaxirm
446 1220 509 1271 res,
533 1219 631 1280 neque
654 1210 696 1272 te,
719 1202 882 1281 Paequille,
907 1207 1029 1282 peritior
1050 1205 1140 1266 alter:

383 1303 434 1364 Ilio
456 1304 589 1375 tandem,
613 1310 692 1366 vates
714 1308 839 1384 optime,
863 1304 960 1368 Cesar
981 1307 1032 1369 ubi
1055 1310 1116 1369 est?

159 1513 164 1520 -
237 1488 295 1551 ιε».
624 1491 860 1554 nnstrnnvs.

299 1611 380 1672 Pone
402 1617 528 1680 metum,
551 1610 697 1680 Romane,
720 1619 772 1672 tuo
794 1613 831 1673 de
854 1611 983 1673 Caesare:
1007 1614 1088 1684 vivit,

384 1712 446 1775 lllla
468 1712 543 1773 lrrles
564 1732 600 1774 ex
622 1732 670 1774 me
691 1715 716 1774 si
737 1713 804 1783 tibi,
827 1716 895 1774 vicit
916 1715 1022 1776 adbuc.

300 1814 347 1876 Vis
370 1813 445 1875 ultra
468 1832 590 1893 sperare
612 1815 741 1894 aliquid?
764 1819 851 1877 venit.
875 1817 932 1877 boc
955 1834 1009 1894 ego
1032 1824 1126 1888 vates,

274 1941 286 1981 r
385 1918 449 1989 Ouo
472 1919 564 1977 ratius
586 1916 715 1997 loquitur
738 1916 877 1996 Delphica
900 1919 975 1978 lama
998 1918 1085 1988 nibil;

299 2019 453 2099 Pugnaces
474 2018 607 2081 revolant
628 2018 756 2098 Aquilam
780 2020 836 2081 cidi
858 2021 920 2099 ipse
943 2019 1088 2092 volantes,

383 2121 420 2183 Et
441 2128 501 2182 tota
522 2120 682 2182 horribiles
704 2139 845 2201 spargere
867 2122 904 2183 ab
928 2122 1000 2204 Alpe
1021 2124 1125 2186 minas.

299 2223 375 2295 Ouid
391 2226 520 2302 gemitis,
545 2223 660 2294 Veneti,
683 2224 821 2285 tandem?
843 2225 928 2302 quid,
952 2224 1050 2295 Galle,
1072 2227 1234 2289 tremiscisl

382 2325 450 2387 llaec
473 2342 528 2404 ego
550 2344 610 2386 non
632 2326 691 2387 diri
713 2343 790 2405 sepe
813 2327 910 2388 lutura
932 2329 1034 2405 prins?

235 2513 281 2572 19.
419 2514 468 2563 ne
487 2512 642 2576 ovonem
661 2513 699 2562 nr
716 2513 842 2563 runem
861 2512 1065 2567 couvuurv.
1103 2492 1106 2497 ’

299 2633 403 2695 Omnia
426 2634 603 2702 miscentur,
627 2631 813 2693 contudimus
834 2633 932 2694 intima
955 2637 1091 2706 summis,

383 2733 511 2796 l‘artitur
534 2722 666 2815 quisquis
687 2753 747 2795 uon
770 2752 823 2794 sua
845 2752 938 2813 regna
961 2743 1051 2798 tenet.

298 2835 484 2899 Abstrabitur
508 2837 619 2897 Latium
642 2835 757 2897 secluso
779 2855 795 2897 a
818 2836 946 2907 Caesare,
969 2837 1059 2899 donat

272 2964 284 3002 i
384 2938 446 2999 lloc
469 2937 575 3018 aliquis
598 2939 728 3008 Venetis,
752 2939 809 3000 hoc
831 2939 896 3008 tibi,
921 2938 1017 3010 Galle,
1041 2939 1155 3021 aliquis.

298 3041 469 3122 Oppositum
492 3041 598 3102 molem
622 3042 802 3120 iniectaeque
823 3049 856 3101 ut
877 3048 1007 3102 transeat
1026 3041 1141 3122 Alpeis,

382 3143 442 3204 llas
464 3142 576 3222 lquitae
597 3161 710 3222 pennas
732 3146 798 3222 quis
819 3144 888 3203 satis
911 3159 975 3204 esse
998 3146 1099 3224 putet?

98 3317 300 3328 ...φ-,-

96 3420 163 3471 hinc
181 3432 287 3485 quoque
305 3416 431 3484 repulsus
449 3416 519 3468 dixit
537 3431 566 3465 se
585 3421 650 3467 vota
669 3417 826 3482 suscepisse
845 3431 905 3483 quse
924 3416 983 3467 lori
1000 3417 1126 3467 Ammoni
1143 3416 1272 3481 solveret,
1293 3419 1389 3471 existi·

97 3518 176 3555 maus
197 3516 228 3554 se
251 3503 332 3553 Afros
355 3502 468 3552 facilius
492 3506 666 3566 correpturos
685 3504 733 3551 ...t‘
772 3500 815 3551 (li.
835 3501 909 3552 infra
926 3501 1067 3569 Triumph.
1087 3500 1203 3554 Reuuhl.
1214 3519 1243 3557 v.
1254 3504 1314 3555 211.
1326 3519 1385 3570 sqq.

95 3587 250 3641 ‘Dodone
272 3587 301 3637 in
324 3586 491 3653 Thesprotia
515 3602 631 3652 quercus
653 3586 732 3637 silvae
754 3587 829 3637 Iovis
851 3601 940 3638 sacrae
964 3602 1097 3654 responsa
1118 3588 1237 3651 dabant,
1261 3588 1386 3651 fatidicae

97 3678 186 3725 eraut.
207 3673 243 3723 ci.
259 3687 282 3721 e.
296 3688 336 3739 gr.
352 3671 495 3722 Claudiam.
509 3673 539 3722 in
556 3673 606 3722 111.
620 3687 695 3722 cons.
709 3673 811 3723 Honor.
826 3689 869 3724 vv.
885 3671 942 3725 117.
955 3688 994 3738 sq.
1009 3709 1025 3736 ‚,
1035 3709 1052 3723 ..
1071 3688 1218 3740 rursusque
1235 3673 1335 3727 locuto
1354 3675 1387 3725 In

96 3765 124 3809 te
138 3742 268 3810 Chaoniae
287 3762 430 3809 moverunt
448 3758 731 3823 carmina·quercus”.
782 3757 988 3823 ⁸Lybicoerlrl.
1007 3759 1245 3825 Iupiterhrnmon.
1297 3757 1387 3810 'Hoc

96 3843 130 3894 de
147 3843 251 3894 Leonis
267 3843 301 3894 X.
319 3841 383 3892 novi
405 3840 544 3907 pontilicis
563 3858 623 3892 cum
642 3842 783 3893 Ludorieo
802 3844 863 3894 llll.
882 3858 936 3894 non
954 3842 1036 3909 longe
1055 3848 1117 3910 post
1134 3844 1265 3895 defuncto
1283 3845 1388 3911 pactio·

96 3930 177 3980 nibus
195 3929 324 3979 tractatis
342 3927 399 3977 dici
416 3927 534 3977 videtur.
566 3927 602 3976 cl.
622 3924 651 3980 lit
669 3925 731 3980 uret
742 3929 777 3978 II.
792 3930 816 3978 2.
831 3930 854 3989 5.
870 3928 943 3979 1145.
958 3924 993 3982 Θ.
1010 3927 1081 3979 tolo.
1097 3927 1114 3994 i.
1168 3927 1188 3961 ¹⁴
1207 3928 1322 3980 Scilicet
1341 3945 1386 3980 ex·

97 4019 179 4065 eunte
199 4011 395 4064 atalanten
414 4014 443 4061 in
456 4010 540 4062 Italia
558 4028 605 4062 rex
619 4011 759 4063 Gallorum
778 4029 859 4079 quam
872 4012 1045 4064 Genncnsem
1063 4013 1200 4066 laternam
1218 4014 1385 4077 obtinuerat,

95 4114 185 4165 neque
209 4114 235 4147 a.
251 4096 323 4148 1514.
344 4096 472 4148 Italicam
496 4097 697 4162 expeditionem
720 4098 845 4165 Anglicee
871 4098 1086 4164 Hispaniamque
1115 4098 1297 4150 difficultates
1325 4113 1386 4150 eum

97 4199 193 4236 curare
212 4182 349 4233 sinebant.
387 4181 517 4232 Germani
541 4187 632 4232 autem
655 4187 717 4248 post
734 4184 847 4233 Liviani
870 4184 898 4233 in
916 4185 1087 4248 provinciam
1105 4183 1323 4235 Foroiuliensem
1345 4184 1386 4234 in·

95 4269 236 4336 captiones
255 4269 284 4317 in
301 4267 414 4318 ltaliam
432 4269 536 4318 reversi
555 4273 626 4318 sunt.
1382 4278 1387 4282 ·

119 4401 122 4406 .
167 4352 220 4405 181.
251 4352 280 4385 Μ
296 4353 399 4403 Versus
411 4354 435 4404 b.
451 4358 479 4402 et
491 4351 515 4403 o.
524 4363 584 4402 uon
601 4354 686 4403 habet
703 4358 785 4418 primu
803 4355 844 4403 ed.
902 4352 1047 4421 ⁵Aquiloe]
1067 4352 1233 4420 imperiales.
1285 4351 1387 4417 'Quid

97 4456 125 4506 g.
137 4438 257 4490 Veneti?
275 4438 347 4502 Quid
367 4439 402 4489 od
420 4438 472 4504 bec
490 4437 561 4488 leuis
574 4439 658 4488 Adria
676 4438 783 4505 palles?
801 4441 841 4489 ed.
854 4441 929 4503 prim.
1173 4445 1175 4448 '

166 4521 206 4574 19.
238 4522 247 4556 ¹
265 4524 335 4574 Haec
354 4526 420 4574 item
438 4523 585 4573 referenda
602 4523 731 4575 videntur
750 4523 782 4573 ad
803 4524 880 4589 pacis
904 4525 976 4572 inter
995 4523 1133 4574 Csesarem
1151 4524 1327 4589 Venetosque
1345 4539 1387 4575 sr-

96 4608 181 4661 bitrio
202 4609 307 4660 Leonis
328 4610 361 4660 X.
382 4609 577 4660 contrahendus
597 4610 779 4660 condiciones.
849 4608 860 4640 ⁶
883 4608 989 4673 Aquilm
1013 4606 1130 4675 pennas]
1158 4608 1176 4657 i.
1190 4624 1215 4659 e.
1234 4607 1387 4675 particulas

95 4698 177 4744 terrie
196 4693 304 4745 italicae
328 4693 434 4745 Caesari
456 4694 568 4757 debita,
595 4710 642 4744 eas
661 4709 720 4759 quae
740 4694 870 4744 Germani
887 4693 1061 4759 Hispanique
1085 4693 1114 4743 in
1135 4693 1273 4747 Patauino
1291 4693 1386 4769 Term-

97 4779 212 4845 siucque
232 4780 306 4847 agris
325 4779 479 4847 cepissent,
503 4793 564 4829 cum
586 4779 653 4829 urbe
672 4779 849 4830 Cremonensi
873 4779 997 4847 pignoris
1015 4792 1101 4829 causa
1120 4776 1227 4830 Caesari
1243 4776 1386 4831 traianum
